2007 3593
242 237 535 294 immortalis
561 235 778 286 Stcrckii
822 156 1149 304 praeigcrffptis),
1186 229 1456 283 sanavimus
1500 235 1552 283 in
1581 230 1846 290 Liri-maffia

235 309 458 359 nobilem
504 301 753 353 Polooum
775 316 1105 352 carcinomate
1151 302 1363 350 rodente
1386 337 1401 360 ‚
1445 300 1531 364 qui
1556 298 1648 363 jam
1694 320 1839 369 quar·

241 393 340 426 tam
369 389 555 438 partem
581 372 758 436 lingua:
781 369 1142 434 consumpserat
1167 385 1182 426 3
1207 369 1448 434 plurimos
1468 365 1677 419 scirrhos
1690 387 1849 422 rnam-

239 459 427 493 marum
452 438 779 501 dillipavimus
802 452 810 479 :
841 452 1045 483 cancros
1077 436 1205 483 duos
1230 450 1344 482 vere
1367 429 1467 494 jam
1487 431 1804 486 exulceratos
1831 471 1850 496 ‚

240 509 298 559 ad
323 505 523 555 solidam
551 506 832 550 cicatr1C{·m
856 501 1179 549 reduximus:
1209 499 1431 549 extrac'to
1455 502 1628 549 cicutae
1651 501 1700 550 &
1727 519 1842 552 em-

244 573 424 641 plastro
457 570 665 634 plurinta
688 569 855 615 ulcera
879 568 1108 614 cacoetica
1128 568 1175 614 in
1200 566 1489 614 nosocomio
1508 569 1669 634 Regio
1692 569 1857 618 Grod-

245 637 382 689 nenfi
412 637 684 684 radicaliter
707 634 980 681 sanavimus
1002 669 1017 690 ‚
1042 650 1257 699 quorum
1305 649 1458 681 unum
1482 668 1497 690 ,
1518 650 1628 681 cum
1649 636 1776 685 carie
1801 636 1855 684 in

256 707 378 755 tibia
398 740 410 763 ‚
437 719 540 751 erat
568 700 938 766 complicatum.

318 784 431 833 140.
458 770 754 821 Athamanta
779 763 1125 814 Oreoselinum
1156 767 1211 812 L.
1242 763 1460 812 Selinu‘m
1483 764 1678 816 Halleri.
1708 770 1858 819 Com.

249 839 413 888 munis
437 836 484 883 in
512 835 674 900 Sylvis
700 849 855 899 prope
881 832 1140 879 Grodnam
1164 865 1178 887 ,
1203 828 1389 879 florens
1415 833 1580 881 Julioz
1607 835 1860 900 perennis,

249 904 410 953 Radix
434 900 641 951 resinosa
662 935 677 957 ‚
699 896 963 948 aromatica
987 899 1038 947 &
1080 911 1182 945 tota
1221 899 1387 962 planta
1415 898 1638 949 odorata.
1676 902 1855 950 Sernen

253 975 423 1020 oleum
464 968 709 1017 elientiale
756 966 958 1015 volatile
1000 962 1163 1012 fundit
1186 999 1200 1022 ‚
1227 960 1437 1012 infusum
1479 964 1647 1015 herbae
1663 983 1860 1034 gratum

256 1037 463 1087 odorem
487 1034 666 1101 spargit
683 1067 697 1089 ‚
722 1047 826 1081 tota
851 1035 1011 1098 planta
1039 1028 1268 1096 praeficis
1291 1029 1502 1095 pretiosa
1522 1030 1783 1083 sudorifica
1805 1032 1859 1082 δέ

258 1105 506 1154 diuretica
530 1105 580 1150 in
605 1099 839 1148 omnibus
864 1097 1048 1146 morbis
1073 1097 1320 1145 chronicis
1343 1113 1357 1154 ;
1384 1097 1431 1144 in
1455 1097 1637 1162 quibus
1657 1099 1864 1151 sudores

260 1172 505 1220 excitandi
537 1167 587 1215 &
618 1169 776 1215 urinae
806 1163 1106 1230 adaugendae
1129 1199 1143 1223 ‚
1168 1161 1523 1228 pretiofissima.

272 1288 274 1291 ,
315 1250 424 1300 141.
470 1236 765 1284 Athamanta
793 1232 1025 1280 Cervaria
1069 1234 1123 1279 L.
1166 1231 1217 1277 in
1245 1228 1394 1296 sylvis
1420 1246 1574 1296 prope
1596 1228 1857 1279 Grodnam

265 1303 534 1366 Grandz-icge
557 1300 741 1350 florens
767 1317 776 1346 ε
805 1300 935 1348 Julio
959 1316 969 1346 ε
995 1298 1246 1362 perennis.
1283 1297 1442 1345 Radix
1467 1295 1677 1346 refinosa
1702 1332 1719 1358 ,
1742 1313 1864 1346 aro-

263 1390 439 1422 matica
461 1408 475 1431 ‚
502 1366 800 1419 succedanea
826 1364 1168 1430 praecedentis.

342 1451 448 1502 142.
487 1434 724 1501 Angeiica
749 1431 1009 1498 Sylvestris
1037 1431 1090 1476 L.
1119 1429 1395 1478 communis
1424 1446 1580 1497 prope
1606 1429 1867 1480 Grodnam

269 1507 322 1556 in
357 1505 504 1573 pratis
527 1497 785 1567 uliginosis
809 1496 1049 1547 [ososnae.
1070 1498 1304 1544 Florebat
1330 1496 1553 1563 Augusto
1581 1517 1592 1546 :
1616 1497 1873 1563 perennis-

268 1574 427 1622 Radix
455 1568 722 1620 craffiffima
747 1600 763 1624 ‚
785 1564 928 1615 succo
959 1564 1086 1613 flavo
1111 1597 1125 1621 ‚
1147 1561 1362 1611 refinoso
1389 1597 1401 1619 ,
1430 1564 1528 1613 acri
1551 1599 1566 1622 ,
1592 1564 1867 1613 aromatico

270 1640 467 1707 turgida
490 1676 503 1698 ‚
532 1636 730 1687 sudores
773 1647 1016 1697 provocat
1053 1649 1063 1677 :
1103 1630 1170 1679 est
1195 1629 1421 1694 praestans
1448 1630 1868 1680 medicamentum

270 1709 323 1757 in
353 1707 582 1755 omnibus
603 1698 794 1752 morbis
821 1698 872 1747 in
911 1697 1090 1763 quibus
1135 1697 1263 1744 vires
1302 1694 1415 1744 sunt
1457 1697 1731 1746 debilitatae
1751 1713 1767 1754 ζ
1787 1693 1871 1744 sed

275 1773 542 1842 praesertim
568 1769 830 1836 probatum
856 1767 906 1814 in
929 1763 1172 1813 Arzorexia
1192 1797 1206 1819 ‚
1229 1762 1410 1827 clzlorqfi
1424 1798 1438 1822 ,
1457 1761 1723 1814 affefflione
1743 1762 1873 1825 ἠέρο-

278 1839 582 1899 manchium,
604 1831 902 1900 supreffione
929 1830 1265 1891 Menstruorum
1281 1863 1295 1886 ‚
1326 1828 1622 1882 Oedeman'a.

351 1921 454 1975 143.
477 1905 718 1972 Angelica
737 1899 1094 1964 Archangelica
1112 1899 1215 1945 Lin.
1231 1897 1324 1945 fuit
1338 1897 1460 1944 mihi
1476 1899 1619 1946 allata
1635 1912 1876 1963 tanquam

283 1978 549 2042 spontanea
592 1971 654 2020 ad
693 1972 822 2034 ripas
860 1965 1000 2015 fluvii
1039 1965 1251 2013 Niernen
1292 1992 1328 2020 ,·
1357 1976 1431 2012 12.
1470 1963 1765 2013 milliaribus
1791 1999 1807 2023 ‚
1846 1980 1874 2012 a

286 2041 512 2093 Grodno.
529 2041 665 2103 Saepe
690 2034 856 2087 inveni
875 2033 953 2091 ‚in
975 2032 1137 2079 hortis
1155 2027 1399 2078 dereliffis
1419 2046 1575 2096 prope
1596 2031 1874 2079 Grodnam.

348 2111 563 2157 Florens
615 2107 748 2155 Julio
777 2119 786 2150 :
815 2097 1068 2165 perennis.
1111 2097 1268 2146 Radix
1318 2098 1583 2146 aromatica
1609 2131 1625 2156 ‚
1655 2095 1876 2146 subactis

252 2232 255 2237 ⁵
287 2190 550 2246 penetrans
573 2188 583 2219 :
608 2173 737 2221 illius
769 2165 981 2216 infusum
1006 2163 1336 2212 sudorificum.
1363 2163 1416 2210 ln
1442 2163 1696 2226 Gathar-is,
1718 2163 1877 2225 herpe-

290 2248 414 2295 u'bus
439 2281 455 2304 ‚
480 2238 804 2299 rheumatismo
829 2233 950 2283 utile
978 2231 1231 2280 auxilium.
1269 2234 1324 2278 In
1357 2230 1615 2284 Lithuania
1643 2265 1658 2290 ‚
1686 2231 1879 2280 radices

287 2311 489 2362 sacharo
513 2308 818 2357 condiuntur
841 2336 856 2358 ‚
878 2316 997 2348 tunc
1018 2295 1293 2364 gratissimae
1314 2314 1333 2358 ‚·
1353 2295 1401 2345 in
1431 2296 1882 2358 Anorexiapituito-

285 2381 347 2442 Jiz
369 2417 384 2439 ,
401 2376 560 2438 jejuno
581 2370 835 2422 ventriculo
859 2365 1106 2428 masticatae
1126 2364 1347 2428 efficaces.

368 2458 476 2507 144.
517 2439 867 2492 Coriandrium
922 2433 1143 2481 Sativum
1181 2433 1234 2477 L.
1278 2429 1464 2493 ubique
1500 2430 1685 2480 colitur
1721 2447 1883 2500 prope

297 2513 554 2563 Grodnam
579 2546 592 2569 ‚
616 2508 747 2557 unde
786 2503 906 2569 saepe
923 2500 1187 2565 spontanea
1210 2497 1461 2546 invenitur
1484 2515 1498 2544 .-
1541 2495 1726 2547 florens
1748 2502 1882 2550 Juljo

301 2596 479 2631 annua.
521 2577 719 2626 Semina
753 2567 973 2619 recentia
1013 2563 1233 2631 Cymicis
1256 2564 1461 2611 odorem
1497 2562 1765 2632 spargunt,
1801 2564 1883 2615 sed

299 2645 523 2696 deilicata
545 2643 776 2691 amittunt
801 2670 814 2693 ‚
844 2650 959 2683 tunc
977 2630 1164 2695 speciali
1185 2644 1403 2677 aromate
1425 2627 1655 2694 flagrant,
1680 2633 1730 2682 in
1754 2648 1871 2683 tor-

299 2712 518 2763 minibus
539 2728 558 2757 a
584 2708 778 2758 flatibus
795 2740 811 2764 ,
835 2704 886 2752 in
914 2698 1103 2764 spasmis
1128 2696 1359 2744 histericis
1385 2696 1541 2747 milia.

362 2772 861 2836 345.Sca=1dixpeclen
878 2766 1053 2814 veneris
1075 2768 1124 2810 L.
1145 2778 1361 2826 unquam
1387 2764 1550 2810 inveni
1571 2763 1618 2810 in
1638 2763 1878 2817 [ituanim

305 2860 635 2908 frequentem
652 2835 902 2888 observavi
919 2833 1043 2881 inter
1065 2832 1248 2894 segetes
1263 2845 1417 2894 prope
1432 2829 1886 2881 Varsaviam:annua

371 2912 480 2975 146.
523 2903 929 2971 Chaerophyllum
954 2897 1178 2962 Sylveftre
1206 2899 1257 2943 L.
1297 2898 1575 2944 communis
1603 2896 1652 2945 in
1679 2897 1885 2946 Lithua-

308 2984 385 3033 nia
408 2997 418 3028 ε
455 2976 690 3042 frequens
733 2974 780 3019 in
819 2968 967 3033 pratis
1017 2979 1173 3030 prope
1220 2963 1475 3027 Grodnam
1506 2979 1517 3008 :
1561 2960 1745 3018 florens
1785 2963 1887 3013 fine

308 3046 432 3108 Maii
458 3064 467 3093 :
506 3059 680 3093 annua.
720 3036 913 3087 Foetida
954 3034 1115 3097 planta
1147 3063 1161 3078 .
1205 3029 1290 3077 diu
1334 3029 1442 3079 trita
1486 3028 1608 3078 mihi
1652 3029 1888 3082 excitavit

315 3112 666 3179 g'cplzalalgmm
690 3142 704 3171 ,
748 3104 881 3155 unde
905 3098 1089 3151 merito
1114 3094 1343 3163 suspef'm·
1611 3120 1614 3124 Δ
1835 3107 1838 3109 ·
