2007 3593
671 242 1310 301 EDIToRrs:
1735 249 1771 290 ν

184 356 457 458 contulit,
502 379 591 439 sed
619 378 786 435 etiam
823 373 1078 452 plurimas
1118 385 1210 429 aut
1251 386 1415 425 novas
1449 361 1651 441 species
1681 381 1776 427 aut

184 511 373 571 saltem
413 489 651 586 infignes
692 501 985 560 varietates
1012 495 1203 579 figuris
1233 498 1289 554 &
1325 490 1776 574 descriptionibus

186 631 469 696 illustravit
516 651 531 706 3
585 624 659 686 fic
716 638 844 682 nata
896 620 975 678 est
1035 618 1196 679 Flora
1248 638 1388 676 nova
1436 615 1780 695 Delphinalis

110 750 116 754 .
185 761 332 836 cujus
375 758 731 838 prodromum
777 750 932 809 nobis
964 748 1200 806 libenter
1240 742 1520 805 concesfit.
1573 745 1640 804 In
1676 744 1782 802 hoc

186 885 442 944 Botanici
505 883 758 963 plurimas
837 877 1120 935 invenient
1192 869 1473 932 rariffimas
1551 869 1784 948 Alpinas

187 1010 387 1089 species
425 1054 454 1087 1,
529 1032 630 1068 nec
697 1028 810 1065 non
870 1003 1147 1064 Australes
1183 1049 1202 1079 ‚
1292 1025 1402 1082 quae
1465 1002 1523 1061 in
1578 997 1784 1054 Pinace

194 1136 401 1198 Linnaei
449 1137 822 1198 desiderantur
882 1135 1135 1214 plurimas
1179 1157 1194 1192 ;
1236 1134 1329 1191 has
1369 1152 1534 1189 novas
1587 1124 1645 1181 in
1684 1121 1788 1178 hOC

193 1263 447 1342 opusculo
484 1267 682 1326 notulis
708 1264 996 1323 illustravit
1017 1257 1348 1321 Clarissimus
1369 1257 1624 1325 Author,
1666 1250 1792 1310 alias

195 1409 340 1451 nunc
364 1405 578 1450 tantum
625 1378 962 1449 nomina-ndo
995 1412 1121 1470 quas
1157 1385 1504 1448 cara&eribus
1532 1378 1793 1462 specificis

192 1514 248 1571 in
301 1518 576 1597 prospeftu
626 1513 797 1573 Florae
842 1510 1185 1592 Delphinalis
1242 1509 1308 1568 ab
1378 1507 1584 1587 aliquot
1642 1510 1793 1568 annis

199 1638 483 1703 ditaverat,

281 1766 587 1844 Nonnulli,
623 1766 729 1825 scio
829 1765 1044 1848 egregii
1087 1761 1343 1821 Botanici
1387 1759 1589 1839 species
1632 1782 1797 1821 novas

765 1818 782 1847 9

200 1880 440 1950 Villarfii
523 1890 768 1949 nondum
848 1906 1107 1970 tanquam
1182 1910 1334 1948 veras
1403 1901 1747 1968 agnoverunt
1779 1935 1796 1966 ,

200 2018 396 2098 hasque
431 2012 706 2092 plerasque
756 2013 1046 2072 varietates
1090 2010 1448 2070 declararunt.
1521 2005 1802 2086 Quidquid

202 2141 269 2207 fit
304 2191 319 2218 ‚
384 2156 596 2201 certum
653 2143 708 2196 &
752 2136 1130 2196 inconcussum
1200 2150 1390 2194 manet
1434 2180 1450 2208 ,
1531 2128 1798 2191 floristam

204 2290 476 2350 quemque
515 2292 626 2327 non
675 2271 842 2328 modo
869 2269 1071 2351 species
1106 2265 1357 2345 cujusque
1398 2259 1634 2341 regionis
1668 2279 1805 2336 pro-

209 2415 414 2476 ponere
481 2395 684 2452 debere
733 2416 744 2427 ·

735 2444 749 2472 ,
822 2384 913 2451 sed
973 2409 1034 2451 ut
1095 2409 1290 2451 catena
1343 2405 1541 2446 naturae
1609 2388 1806 2468 absque

209 2518 610 2598 interruptione
659 2542 763 2578 una
800 2537 1021 2577 maneat
1051 2566 1065 2594 ,
1131 2521 1422 2579 varietates
1458 2537 1652 2576 omnes
1695 2537 1808 2594 quae

213 2641 483 2721 saepislime
529 2644 888 2702 intermedios
930 2641 1174 2701 annullos
1223 2642 1599 2715 constituunt,
1649 2643 1809 2700 exhi-

217 2769 416 2829 bendas
487 2771 595 2827 effe
652 2794 663 2826 :
731 2769 809 2828 his
873 2766 1052 2847 positis
1100 2769 1424 2829 Clariffimus
1477 2773 1807 2828 VILLAR

219 2897 525 2954 numerosas
576 2896 687 2955 suas
738 2917 901 2954 novas
969 2895 1173 2972 plantas
1216 2919 1522 2975 proponere
1565 2895 1800 2969 debuit,

220 3042 346 3101 quas
402 3023 455 3080 in
501 3023 776 3105 past-:rum
820 3022 957 3087 alter
1000 3024 1244 3083 Linnaeus
1290 3023 1346 3082 in
1393 3024 1594 3085 Pinare
1631 3045 1811 3106 gene-
