2007 3593
245 240 311 278 xx
689 218 1350 274 PRAEFATIO

246 341 431 380 torum
459 361 483 393 ,
519 321 789 378 Vernatio
818 365 835 392 ,
884 307 1202 373 GEmmatio
1273 314 1529 372 arborum
1553 310 1595 397 ⁶,
1643 312 1845 376 flores-

248 407 431 465 centia
462 449 476 475 ,
528 403 817 461 maturatio
861 397 1125 455 seminum
1157 438 1182 470 ,
1215 395 1516 473 plantarum
1548 443 1563 470 ‚
1608 390 1844 458 arbore-

251 505 394 554 tum‚
421 487 706 558 frutetum,
730 502 911 540 nonne
928 482 1035 540 haec
1059 480 1245 536 omnia
1260 481 1413 537 novis
1438 482 1853 554 tentaminibuS,

254 567 509 645 novisque
550 561 1015 627 observationibus
1038 607 1054 637 ‚
1085 561 1177 619 sub
1221 582 1428 640 quaque
1454 561 1737 622 latitudine
1762 585 1852 623 re-

258 651 506 709 novanda
530 650 554 712 ἓ

341 735 449 790 Hic
479 732 561 790 vir
588 727 911 786 immortalis
937 722 1211 793 utiliffima
1233 726 1401 783 refert
1430 769 1446 796 ,
1472 726 1613 784 circa
1650 725 1853 802 plantas

261 813 489 874 edules:
528 811 616 869 sed
664 832 822 889 quam
869 809 1046 867 multae
1083 808 1214 866 tales
1245 808 1544 889 allegantur
1567 854 1582 881 ‚
1614 831 1724 886 quae
1765 808 1859 867 vix¹

260 899 460 956 micam
518 895 759 972 principii
814 894 1020 950 nutritu
1082 891 1366 948 continent
1396 931 1422 962 ,
1478 913 1635 968 quam
1680 891 1856 968 plures

261 982 594 1038 omittuntur
636 1017 664 1050 9
733 998 841 1053 quae
883 995 1012 1033 vere
1040 993 1293 1053 magnam
1317 975 1674 1049 quantitatem
1709 976 1856 1031 muci

262 1064 563 1144 largiuntur
591 1104 608 1131 ,
654 1062 761 1115 haec
803 1056 909 1114 sola
939 1052 1100 1113 thefis
1125 1056 1195 1112 de
1245 1054 1483 1113 edulibus
1507 1102 1522 1130 ‚
1567 1057 1858 1114 innumera

265 1144 576 1226 detegenda
605 1139 829 1197 includit
855 1163 872 1217 3
908 1138 1082 1215 quoad
1111 1138 1462 1195 Anatomiarn
1507 1155 1656 1195 certe
1702 1139 1857 1196 Gre-

265 1229 382 1289 vius
407 1225 614 1306 Anglus
642 1270 656 1294 ,
683 1221 1010 1301 Malnighius
1055 1217 1219 1277 Italus
1244 1265 1259 1292 ,
1292 1219 1652 1278 Duhamelius
1679 1219 1861 1279 Gallus

270 1311 464 1388 aliique
491 1307 710 1389 egregia
735 1301 977 1362 offerunt
997 1347 1013 1374 ‚
1043 1301 1132 1359 sed
1155 1323 1314 1379 quam
1354 1302 1646 1360 innumerae
1693 1303 1862 1364 cons-

274 1392 563 1450 trueriones
588 1436 602 1462 ‚
622 1387 828 1445 fabrica:
851 1385 1018 1441 adhuc
1032 1384 1225 1441 latent.
1243 1383 1554 1441 Plantarum
1571 1387 1864 1443 Anatomia

274 1490 584 1551 comparata
608 1471 778 1530 adhuc
805 1470 859 1524 in
882 1467 1152 1525 cunabulis
1166 1467 1334 1547 vagit,
1348 1467 1403 1523 in
1422 1468 1656 1526 minimis
1676 1486 1863 1526 natura

277 1556 483 1616 diversa
507 1554 646 1613 veris
671 1550 1098 1609 observatoribus
1125 1548 1336 1626 semper
1363 1551 1623 1626 apparuit.
1655 1552 1864 1632 Figurae

279 1643 629 1699 antherarum
660 1631 1010 1707 microscopio
1036 1631 1260 1690 visarum
1285 1677 1301 1704 ‚
1331 1648 1464 1709 quot
1486 1633 1684 1691 formas
1709 1635 1868 1691 exhi-

282 1723 418 1781 bent
434 1764 460 1795 ,
502 1735 635 1798 quot
700 1715 996 1774 accidentia
1020 1759 1037 1782 ‚
1087 1730 1224 1792 quot
1269 1713 1477 1772 colores
1503 1738 1521 1793 3
1550 1714 1824 1773 Glandulae
1844 1761 1863 1790 ,

280 1797 616 1884 pili,fulcra
647 1842 673 1874 9
720 1815 855 1877 quot
899 1796 1072 1854 modis
1124 1795 1278 1854 variis
1323 1793 1698 1864 efformantur‚
1744 1798 1870 1862 Jam
1939 1836 1941 1838 -

287 1887 519 1963 plurima
553 1880 780 1961 pretiosa
812 1877 1081 1939 Guettard
1119 1879 1300 1936 noster
1342 1901 1404 1936 ex
1441 1879 1623 1955 primis
1667 1901 1870 1958 propo-

285 1969 421 2044 suit3
470 1968 559 2026 sed
583 1982 715 2046 quot
751 1962 1066 2020 delineanda
1118 1976 1342 2018 manent
1373 2005 1388 2033 ,
1435 1981 1498 2018 ex
1538 1962 1667 2020 vivis
1699 1962 1875 2040 speci-
1946 2005 1947 2008 κ

291 2052 524 2110 minibus
549 2095 566 2124 ,
628 2047 853 2126 plutima
908 2044 1015 2102 vidi
1063 2046 1206 2118 juxta
1259 2043 1427 2100 varias
1451 2059 1638 2114 'aetates
1683 2089 1698 2117 ,
1761 2066 1872 2124 quae

291 2136 477 2193 omnia
560 2130 625 2186 ab
704 2129 815 2186 aliis
895 2126 1084 2184 omiffa
1156 2125 1407 2183 volumen
1478 2125 1699 2184 craffum
1772 2128 1876 2185 ad-

292 2217 528 2295 implere
572 2211 822 2292 poffent3
871 2209 1047 2286 quoad
1090 2208 1398 2265 stru&uram
1426 2222 1601 2266 textus
1641 2207 1877 2267 cellulofi

293 2301 594 2379 plantarum
617 2341 632 2367 ,
679 2291 1010 2351 vasculorum
1063 2288 1343 2370 lympham
1388 2292 1702 2349 vehentium
1725 2315 1878 2365 ,ψᾶ-

296 2383 476 2441 forum
505 2375 887 2437 secretionibus
910 2374 1313 2432 inservientium
1342 2414 1365 2445 ,
1402 2370 1643 2431 vasorum
1686 2396 1881 2433 aereo-

296 2489 418 2525 rum
442 2512 457 2538 ,
508 2458 827 2544 glandulas,
876 2461 982 2516 &c,
1022 2458 1205 2534 Quam
1238 2455 1407 2513 adhuc
1447 2455 1754 2537 detegenda
1793 2458 1881 2515 su..

298 2548 515 2628 perfunt
540 2569 552 2602 :
582 2540 962 2602 celeberrimus
998 2536 1182 2596 Bilfius
1207 2538 1426 2619 egregia
1451 2539 1605 2597 nobis
1627 2538 1880 2597 demons-

298 2633 501 2703 travit,
550 2626 802 2703 variaque
842 2623 971 2679 olim
1009 2622 1236 2680 vidimus
1278 2641 1386 2698 quae
1434 2641 1536 2677 nec
1580 2622 1636 2677 in
1673 2621 1878 2698 Malpi-

301 2716 418 2798 ghii
442 2759 456 2786 ‚
505 2732 604 2767 nec
636 2711 693 2766 in
719 2703 1030 2764 Duhamelii
1047 2704 1296 2780 operibus
1326 2703 1678 2779 reperiuntur,
1716 2705 1882 2762 Unde

303 2815 391 2856 tot
422 2796 541 2851 sunt
584 2789 1043 2849 conformationes
1066 2785 1275 2845 diversa>
1302 2828 1317 2850 ‚
1348 2800 1481 2861 quot
1521 2786 1674 2841 variae
1696 2785 1880 2843 formae

303 2875 569 2939 naturales
618 2898 631 2930 ε
672 2871 806 2930 adde
854 2868 1122 2927 morbosas
1177 2863 1631 2945 configurationes
1681 2866 1882 2927 scilicet

304 2966 469 3023 caries
494 3006 508 3033 ,
537 2975 780 3014 tumores
808 2999 823 3025 ,
856 2948 1297 3010 extravasationes
1314 2968 1327 3023 3
1343 2950 1446 3006 haec
1471 2947 1576 3005 sola
1596 2971 1709 3026 pars
1731 2953 1882 3031 phy..

306 3046 417 3106 ficae
465 3038 780 3123 vegetabilis
799 3080 819 3113 ,
857 3035 943 3099 vix
979 3034 1294 3096 adumbrata
1334 3031 1437 3092 fuit
1461 3054 1491 3092 a
1518 3033 1717 3111 peritiS.
