2007 3593
585 151 634 207 E
678 165 722 206 n
770 165 796 207 1
843 164 883 209 T
928 165 968 210 o
1017 163 1064 206 R
1106 162 1131 206 1
1176 157 1224 208 5.·
1610 159 1695 236 xxi

151 247 506 333 Phyfiologia
521 249 696 308 minus
719 251 889 309 adhuc
910 252 1140 327 perfeffli
1161 261 1386 324 apparet
1412 270 1426 306 ι
1457 251 1477 324 (
1499 246 1526 275 '³‘
1545 251 1562 317 )
1580 246 1697 322 Qui

100 335 442 409 mechanicos
482 346 695 389 tantum
735 331 988 410 impulsus
1013 378 1029 404 ,
1054 333 1112 388 in
1138 330 1329 406 plantis
1351 331 1697 408 cogitarunt,

95 436 369 473 remoram
401 435 538 472 verae
558 415 889 496 phytologiae
910 413 1300 490 imposuerunt.
1340 414 1455 489 Qui
1488 409 1698 467 fluxum
1774 435 1780 446 .

93 497 304 573 limphae
326 494 564 554 celerem
590 497 645 554 in
678 498 955 555 arboribus
993 495 1320 568 vulneratis,
1371 495 1464 571 qui
1512 506 1695 547 motus

90 580 151 636 in
176 575 436 636 sensitivis
465 624 482 652 ‚
524 578 900 655 papilionaceis
925 624 943 652 ,
968 580 1177 636 oxalide
1206 578 1332 654 3qui
1365 575 1700 634 vibrationes

6 687 20 711 s
93 660 388 717 flaminum
411 662 466 717 in
507 661 796 719 berberide
824 708 840 735 ,
882 663 938 718 in
976 661 1364 737 chenopodii33
1409 659 1499 735 qui
1528 656 1697 711 direc-

96 743 311 800 tionem
354 742 596 800 radicum
650 745 718 800 ad
758 763 950 801 nutum
998 742 1228 820 plantae,
1294 740 1485 797 obtuso
1543 736 1698 794 sensu

80 835 391 903 'quaerentes
424 824 636 883 succum
695 845 880 904 aptum
929 847 943 901 3
991 825 1083 903 qui
1125 843 1304 882 motus
1330 819 1697 880 inclinationis

93 929 369 967 ramorum
401 953 417 980 ,
457 907 711 966 foliorum
777 909 845 967 ad
895 905 1074 965 lucem
1120 935 1136 978 3
1188 909 1277 983 qui
1319 905 1700 963 excretionum

94 992 460 1068 phoenomena
486 1030 511 1064 ,
559 989 769 1069 aliaque
830 991 941 1066 ejus
1003 990 1229 1047 comatis
1294 988 1438 1046 varia
1515 984 1702 1042 sedulo

96 1070 404 1130 observabit
453 1093 469 1144 ;
552 1072 643 1129 ille
705 1090 857 1130 certe
928 1073 1015 1129 vix
1078 1071 1349 1129 concedet
1404 1114 1422 1142 ‚
1511 1067 1698 1125 omnia

94 1155 153 1210 in
199 1153 565 1234 vegeabilibus
609 1156 897 1213 mecanicis
969 1155 1174 1235 legibus
1261 1151 1445 1231 peragi
1509 1195 1528 1224 ,
1605 1147 1700 1206 ille

93 1235 301 1294 collatis
373 1238 730 1313 phenomenis
788 1284 805 1311 ,
878 1236 1305 1295 irritabilitatem
1390 1235 1449 1290 in
1546 1226 1701 1291 fibris

95 1318 485 1400 vegethbilium
530 1319 812 1378 mirabitur
843 1365 858 1392 ,
907 1318 998 1377 ille
1046 1319 1113 1377 ab
1170 1323 1267 1376 hac
1333 1312 1700 1373 irritabilitate

93 1400 300 1472 innata,
330 1397 533 1457 fluxum
559 1401 768 1479 limphae
791 1400 1026 1460 deducet
1051 1424 1066 1480 3
1096 1399 1187 1458 ille
1208 1401 1274 1458 ab
1297 1402 1400 1456 hoc
1432 1396 1700 1475 principio

94 1482 422 1541 secretione-3
472 1483 640 1541 varias
679 1531 693 1556 ‚
750 1484 878 1562 quin
925 1486 1039 1541 imo
1090 1483 1343 1547 omnibus
1375 1476 1698 1558 penfitatiS,

93 1567 151 1623 in
173 1565 447 1643 posterum
470 1567 749 1643 apparebit
775 1613 790 1639 ‚
826 1588 936 1622 non
961 1567 1130 1624 modo
1164 1582 1346 1623 motus
1372 1562 1704 1641 spontaneos

93 1649 152 1706 in
179 1648 318 1706 foliis
347 1694 361 1720 ‚
410 1648 719 1725 pedunculis
743 1695 758 1720 ‚
805 1649 1116 1706 staminibus
1136 1688 1160 1719 9
1183 1648 1372 1727 calyce
1398 1687 1424 1718 ,
1455 1643 1655 1702 corolla
1676 1688 1700 1715 ‚

89 1731 263 1788 fruc'tu
302 1730 482 1788 adesse
510 1748 602 1788 aut
644 1729 874 1791 visibiles
917 1749 1010 1789 aut
1053 1728 1189 1787 ficut
1239 1752 1361 1787 acus
1426 1726 1700 1807 horologii

91 1809 414 1888 invisibiles3
439 1814 526 1870 sed
552 1814 719 1871 etiam
758 1813 947 1870 saltem
983 1817 1040 1871 in
1092 1812 1361 1869 nonnullis
1421 1809 1703 1885 speciebus

97 1912 278 1953 motus
337 1893 692 1976 progreffivos
737 1895 952 1969 adeffe3
996 1911 1147 1953 certe
1193 1893 1337 1952 bulbi
1364 1892 1652 1968 tuliparum
1681 1938 1712 1965 ‚

94 1978 425 2054 aliarumque
470 1976 795 2037 liliacearum
852 1977 1137 2036 nascuntur
1174 2023 1191 2050 ,
1233 1975 1557 2034 evolvuntur
1585 2017 1609 2047 ,
1636 1973 1706 2033 ad

97 2059 357 2138 plurimos
382 2058 598 2136 pollices
625 2083 655 2118 a
684 2078 860 2119 matre
887 2058 1091 2133 effoeta,
1119 2076 1273 2117 certe
1295 2058 1485 2116 tubera
1512 2057 1710 2130 solani,

97 2141 382 2200 ranunculi
430 2140 661 2215 ficariae,
713 2142 1032 2219 filipendulae
1097 2143 1245 2199 idem
1310 2143 1704 2217 phenomenon

102 2225 378 2283 exhibent.
399 2225 597 2282 Plantae
625 2224 861 2302 plurimae
903 2224 1049 2302 juxta
1075 2223 1273 2281 lineam
1318 2226 1513 2280 reclam
1544 2222 1659 2279 satae
1683 2268 1702 2296 ,

101 2306 448 2385 sequentibus
488 2308 638 2364 annis
674 2307 1072 2378 divaricantur,
1123 2303 1195 2364 fic
1236 2305 1451 2383 plurimi
1482 2305 1704 2363 frutices

100 2391 337 2468 juniores
405 2388 685 2447 discedunt
730 2437 746 2463 ‚
789 2414 820 2448 a
859 2392 955 2450 viis
978 2389 1208 2447 nimium
1250 2387 1512 2462 calcati53
1555 2389 1705 2444 unde

101 2471 541 2529 concludendum
586 2473 1001 2554 Botanophyllis
1028 2515 1051 2545 ,
1079 2473 1169 2549 qui
1197 2471 1500 2527 mecanicas
1551 2469 1706 2551 leges

160 2671 221 2720 (*
244 2675 263 2721 )
289 2673 342 2712 In
364 2674 445 2712 hae
482 2682 602 2725 parte
621 2701 635 2725 ,
676 2673 864 2724 plurima
923 2672 1100 2725 egregia
1140 2669 1407 2710 Duhamelio
1428 2700 1440 2722 ‚
1470 2670 1669 2711 Hanerio
1688 2717 1707 2737 ‚

118 2748 291 2790 Boneto
307 2781 321 2801 ,
362 2760 442 2790 nee
466 2772 480 2779 ·
502 2761 591 2790 non
641 2750 850 2792 Chimicis
869 2749 999 2790 variis
1018 2747 1223 2789 debemus
1241 2776 1254 2795 ,
1280 2745 1478 2787 Linnaeus
1518 2745 1707 2797 plurima

109 2825 330 2868 Praestirit.
364 2827 446 2867 Sed
474 2828 634 2880 primus
669 2831 779 2871 Cell.
809 2827 1053 2872 Barthefius
1087 2841 1194 2868 vem:
1218 2818 1487 2882 phifiologiae
1509 2820 1707 2862 animat&

117 2898 366 2950 plantarum
387 2898 672 2943 fundamenta
700 2902 846 2956 paucis
872 2899 1011 2944 verbis
1033 2894 1188 2950 posuit.
