2007 3593
269 254 405 291 runt.
427 237 615 290 Infufio
636 239 818 293 florum
836 241 888 292 in
927 240 1212 305 cephalalgia
1247 236 1356 306 jure
1391 241 1620 293 laudata:
1660 234 1850 295 frucius

271 323 445 384 contra
470 308 799 359 diffenteriam
820 308 909 359 sub
928 308 1028 360 fine
1049 308 1214 360 morbi
1239 345 1256 370 ‚
1300 310 1414 360 lene
1436 309 1710 376 pretiosum
1741 310 1846 359 ads-

267 388 520 442 tringens.
1649 426 1651 432 ,

331 449 445 507 εει).
485 440 765 505 Hypericum
782 439 1074 504 perforatum
1094 442 1151 493 L.
1181 441 1371 507 ubique
1398 435 1555 508 prope
1600 437 1849 487 Grodnam.

264 505 318 557 in
335 509 494 576 agris,
515 507 698 554 florens
721 507 862 556 initio
883 506 1018 556 Julii:
1043 508 1291 572 perennis.
1317 510 1490 558 Flores
1507 508 1672 556 oleum
1690 507 1846 557 effen·-

265 576 383 623 tiale
412 611 428 634 ‚
463 571 711 638 copiosum
732 607 747 629 ‚
771 572 1187 639 flagrantissimum
1211 608 1227 631 ,
1252 576 1457 624 rubrum
1480 612 1495 636 ‚
1520 573 1798 639 largiuntur
1825 589 1843 632 ;

263 639 444 689 infusio
482 640 660 688 florum
688 655 798 686 cum
821 641 940 687 vino
964 675 978 699 ‚
1003 641 1145 687 certis
1174 639 1602 690 observationibus
1632 637 1842 704 probata

266 709 318 755 in
339 707 591 756 ulceribus
614 705 824 754 internis
849 705 900 754 ἅτ
922 704 1138 753 externis
1157 734 1173 760 ‚
1196 703 1245 751 in
1270 708 1531 756 nonnullis
1547 705 1808 756 Diarrha’is
1830 739 1849 765 ,

264 773 316 821 in
342 771 542 821 levitate
565 770 909 820 intestinorum
956 771 1058 836 post
1101 769 1431 829 Dissenteriam
1454 807 1468 830 ‚
1506 776 1554 821 in
1577 771 1846 836 hypcclzon-

258 838 396 904 driofi
433 836 827 904 quotiescunque
857 837 986 885 adest
1012 838 1197 898 sabura
1228 839 1278 886 in
1318 839 1490 903 primis
1525 839 1631 888 viis.
1671 839 1845 887 Flores

258 906 492 956 inficiunt
519 906 682 954 oleum
707 938 722 960 ‚
776 903 826 951 cz
864 903 1084 968 spiritum
1128 901 1394 952 carmesino
1428 905 1642 963 colore3
1685 903 1842 954 herba

259 989 374 1022 cum
402 977 507 1021 lana
531 971 584 1019 in
615 969 828 1018 alumine
853 983 1091 1019 macerata
1115 1002 1130 1025 ,
1174 969 1312 1018 illam
1336 970 1444 1020 satis
1467 970 1677 1037 pulchro
1708 967 1840 1021 flavo

260 1041 431 1090 colore
453 1039 611 1103 tingit.
635 1038 809 1085 Flores
831 1035 988 1085 fricari
1026 1036 1227 1100 tingunt
1254 1037 1436 1103 digitos
1477 1038 1647 1086 colore
1678 1052 1838 1085 caeru-

257 1108 338 1156 leo
361 1125 372 1155 :
400 1120 632 1156 caeterum
652 1100 833 1169 species
871 1099 1059 1150 diversa
1081 1101 1245 1166 quoad
1267 1103 1488 1152 habitum
1511 1103 1643 1168 quta
1669 1102 1834 1152 varias

256 1187 427 1224 aetates
452 1206 466 1234 ‚
486 1173 651 1237 primo
671 1185 803 1218 anno
821 1170 986 1218 caules
1006 1165 1264 1235 simplicesr
1281 1169 1332 1217 &
1357 1168 1476 1239 folia
1494 1170 1685 1218 minora
1708 1184 1834 1234 pro-

256 1240 412 1291 ducit.

318 1319 434 1372 290³
468 1301 736 1363 Hipericum
768 1297 1058 1364 humifitsum
1099 1297 1155 1349 L.
1198 1300 1472 1351 communis
1508 1301 1559 1350 in
1606 1300 1840 1353 omnibus

252 1375 386 1425 arvis
426 1367 642 1420 arenosis
664 1384 821 1435 prope
846 1364 1084 1415 Grodnam
1108 1401 1124 1428 ‚
1150 1363 1336 1416 florens
1359 1369 1502 1419 Julio
1526 1403 1543 1428 ,
1567 1368 1796 1436 Augusto
1825 1387 1840 1419 ε

251 1454 433 1492 annua.

323 1505 432 1566 obst
458 1507 527 1553 Ex
548 1501 709 1552 radice
732 1496 860 1548 fusca
881 1535 897 1559 ,
921 1498 1106 1549 ramosa
1130 1536 1146 1562 ,
1164 1500 1362 1567 plurimi
1386 1501 1551 1550 caules
1573 1498 1825 1564 prostrati,

250 1573 538 1639 inaequales.
564 1567 838 1617 Pedunculi
870 1566 1184 1633 longitudine
1206 1566 1444 1617 foliorum
1466 1601 1482 1624 ,
1518 1583 1621 1615 rara
1645 1564 1829 1631 puncff'ta

250 1642 392 1708 nigra
418 1639 468 1686 in
509 1633 695 1684 foliolis
721 1633 919 1700 calycis.
960 1634 1200 1683 Antherae
1232 1651 1394 1699 parvae
1416 1670 1432 1695 ‚
1456 1634 1602 1683 luteae
1628 1666 1644 1690 ,
1675 1630 1833 1681 trans-

248 1705 425 1758 versun
452 1701 635 1770 posltae.
661 1700 772 1750 Stili
796 1715 896 1748 tres
918 1698 1120 1749 inversi.
1146 1702 1366 1756 Germen
1398 1716 1646 1767 magnum.

312 1786 427 1838 291.
458 1769 741 1835 Hypericum
769 1781 1036 1815 montanum
1061 1769 1118 1817 L.
1150 1784 1253 1817 non
1278 1785 1381 1817 rara
1419 1768 1546 1815 circa
1583 1761 1828 1814 Grodnam

247 1840 300 1890 in
337 1840 491 1907 sylvis
527 1836 662 1903 juxta
709 1832 909 1883 Niemen
929 1869 946 1899 ‚
986 1831 1174 1885 florens
1227 1834 1374 1884 initio
1417 1831 1628 1899 Augusti
1680 1845 1692 1876 :
1741 1845 1828 1896 pe·

224 1909 437 1963 *tennis-

318 1973 426 2033 obs.
439 1974 548 2020 Huc
574 1969 758 2019 reduco
778 1968 1019 2034 specimen
1044 2003 1060 2027 ‚
1081 1966 1213 2016 caule
1234 1966 1476 2033 bipedali,
1493 1963 1784 2014 rubescente
1805 1996 1826 2023 ,

247 2037 590 2108 simplicissimo
615 2073 630 2095 ,
664 2035 884 2085 rotundo
907 2071 923 2096 ‚
946 2033 1104 2082 Foliis
1133 2035 1374 2101 oppofitis
1400 2070 1415 2094 ,
1454 2028 1784 2082 subrotundis
1807 2061 1828 2087 ,

240 2107 414 2158 subtus
445 2101 806 2154 albescentibus
827 2137 842 2160 ,
881 2098 1103 2150 nervosis
1130 2138 1146 2172 2
1179 2099 1372 2168 punffls
1409 2098 1565 2167 nigris
1605 2095 1666 2144 ad
1686 2111 1828 2144 mar·-

241 2179 386 2243 gines
417 2171 618 2221 notatis.
646 2168 841 2236 Calycis
865 2164 1038 2218 foliola
1064 2168 1236 2217 obtusa
1269 2204 1286 2228 ‚
1322 2185 1422 2216 non
1451 2165 1629 2216 ciliana.
1655 2161 1824 2210 Petala

240 2244 413 2294 boevia
436 2277 452 2301 ‚
478 2254 620 2287 extus
637 2237 836 2303 pulchre
859 2231 1056 2299 punrstis
1079 2235 1233 2302 nigris
1261 2235 1407 2300 piffla.
1429 2232 1540 2284 Stili
1564 2244 1681 2280 treS.
1704 2228 1826 2275 Flos

237 2312 418 2359 unicus
448 2342 464 2365 ‚
503 2307 773 2354 terminans
814 2302 1004 2350 caulem
1027 2299 1203 2377 „foliis
1234 2300 1491 2351 floralibus
1523 2294 1822 2349 circumval-

240 2379 388 2428 latus,
418 2372 652 2423 Florebat
688 2384 757 2435 17.
783 2368 996 2435 Augusti
1022 2366 1055 2426 ,''
1081 2365 1235 2434 prope
1261 2367 1499 2417 Grodnam
1525 2399 1540 2425 ,
1583 2364 1633 2411 in
1659 2375 1822 2424 aquo-

240 2444 302 2492 fis
331 2439 553 2502 Lcsofizae.
580 2437 792 2486 Videtur
815 2435 1185 2501 Caryophyllus
1210 2437 1429 2499 palustris
1449 2469 1466 2493 ,
1488 2429 1624 2482 foliis
1641 2425 1822 2475 subro-

239 2508 408 2563 tundis
433 2547 447 2568 ‚
470 2505 680 2563 incanis,
703 2502 911 2552 floribus
941 2503 1102 2550 aureis
1129 2537 1145 2561 ,
1177 2504 1388 2551 ΜΕΝΤΖ
1411 2535 1424 2559 ,
1445 2516 1561 2568 pug·
1587 2510 1622 2543 t.
1643 2506 1692 2558 7·
1716 2492 1750 2540 f·
1771 2504 1818 2556 3·

238 2578 370 2628 unde
396 2572 552 2622 affinis
589 2572 846 2640 Hyperico
885 2567 1018 2620 elodi
1043 2603 1060 2629 ‚
1082 2566 1163 2617 sed
1186 2568 1236 2616 in
1261 2569 1429 2618 nostro
1451 2605 1468 2632 ‚
1498 2559 1631 2617 certe
1659 2559 1814 2608 caulis

235 2662 340 2695 non
362 2643 504 2707 repit.

299 2721 397 2775 292
438 2704 699 2767 Euphorbia
739 2704 956 2768 palustris
997 2706 1054 2751 L.
1097 2698 1261 2769 passim
1301 2700 1352 2750 in
1393 2699 1546 2768 pratis
1598 2700 1813 2767 uligino-

234 2775 298 2826 fis
324 2811 340 2835 ,
365 2771 526 2841 prope
571 2771 808 2819 Grodnam
830 2808 845 2829 ‚
873 2773 923 2819 in
961 2769 1098 2836 sylva
1139 2766 1545 2837 Bobrowszcgyzna
1582 2771 1634 2821 δε
1676 2769 1815 2834 juxta

235 2842 437 2892 Niemen
460 2876 475 2898 ‚
498 2837 684 2887 florens
710 2838 839 2887 Julio
866 2855 876 2885 :
898 2835 1141 2904 perennis.

302 2908 415 2968 obs.
443 2907 620 2955 Vicina
661 2905 728 2953 est
768 2902 950 2970 species
971 2941 986 2965 ‚
1019 2905 1157 2951 caule
1193 2898 1474 2969 sublignoso
1497 2936 1512 2958 ‚
1553 2897 1814 2967 bipedali,

233 2974 441 3024 inferius
463 2970 771 3031 rubescente,
793 2971 975 3020 Radice
992 2973 1137 3036 longa
1162 3006 1174 3028 ‚
1196 2969 1379 3037 lignosa
1398 3006 1413 3029 ,
1432 2966 1586 3037 Foliis·
1610 2965 1816 3015 caulinis

231 3042 430 3091 alternis
458 3076 474 3100 ,
518 3040 809 3089 lanceolatis
827 3076 842 3102 ,
888 3036 1255 3107 integerrimi&
1285 3050 1535 3088 ramorum
1558 3035 1674 3083 folia
1702 3031 1817 3080 sunt
