2007 3593
524 185 1402 260 DEiPHINA'rL1§;
1753 214 1793 281 3

737 285 960 342 AEthiopis.
988 290 1036 332 iu
1048 290 1334 333 calidioribus
1346 292 1461 340 circa
1497 296 1746 349 Vapincum
1766 331 1785 354 ‚

800 365 881 409 διε.

188 442 700 491 ΑΝΤΗΟΧΑΗΤΠΜ.
738 439 977 490 Odoratum.
1010 446 1058 488 in
1079 451 1213 501 pratis
1233 447 1401 500 ubique
1419 477 1431 502 ,
1447 448 1579 490 etiaim
1599 452 1769 505 alpinis,

610 644 667 694 T
693 646 744 697 R
785 644 818 694 Ι
855 650 911 701 A
948 648 1007 701 N
1031 648 1084 698 D
1119 649 1171 698 R
1203 647 1240 697 I
1281 650 1347 704 A.

191 853 288 907 ,VA
303 855 335 898 l'-
351 856 385 902 E
401 860 449 910 R
466 857 601 904 IAN
625 861 680 905 A.
737 859 887 904 Rubra.
908 862 954 903 in
975 864 1202 907 maritimis
1225 865 1266 906 S.
1288 865 1412 908 Pauli
1444 865 1746 917 calidioribus}

742 942 1024 997 Angustefolia
1045 944 1099 985 ad
1124 945 1286 986 radices
1313 947 1478 999 alpium
1503 946 1739 998 glareosas.

748 1020 1012 1075 Cornucopia.
1062 1025 1109 1064 in
1151 1012 1435 1065 calidioribus
1490 1057 1501 1076 ,
1554 1026 1671 1066 circa
1724 1023 1803 1066 Lc-

805 1105 910 1144 buis.

748 1173 903 1217 Dioica
924 1176 970 1217 in
989 1175 1120 1230 pratis
1138 1173 1342 1216 humidis.

763 1250 998 1304 Officinalis
1035 1250 1153 1292 secus
1188 1262 1321 1303 aquas
1350 1252 1462 1292 inter
1497 1252 1623 1295 alnos
1660 1251 1703 1295 &
1737 1251 1806 1294 sa«

858 1327 980 1368 lices.

754 1406 966 1460 Tripteris.
1010 1404 1125 1447 inter
1167 1416 1295 1458 rupes
1355 1407 1408 1447 ad
1461 1406 1625 1449 radices
1677 1418 1810 1448 mon-

807 1493 933 1525 tium.

745 1559 966 1603 Montana.
988 1562 1035 1602 in
1056 1561 1286 1602 montibus
1310 1559 1526 1603 umbrosis
1557 1565 1699 1608 nudis.

758 1632 929 1677 Celtica.
972 1638 1018 1675 in
1040 1634 1221 1675 summIS
1242 1635 1407 1686 alpium
1432 1635 1634 1679 Calcareis
1657 1640 1813 1691 borea«,

817 1712 949 1754 libus.

767 1785 972 1838 Tuberosa
995 1787 1050 1828 ad
1072 1788 1237 1831 radices
1251 1791 1471 1832 montium
1495 1793 1652 1844 passim.

757 1863 960 1907 saxatilis
983 1867 1030 1907 in
1050 1868 1185 1921 alpib.
1211 1865 1575 1921 Vapincenfibus.

756 1942 938 1997 locusta.
969 1949 1014 1988 in
1040 1950 1151 1988 arvis
1172 1950 1334 2002 ubique
1359 1949 1503 1988 cultis.

759 2019 964 2062 Coronam
983 2022 1466 2075 circaGratianopolirn
1491 2057 1502 2075 ‚
1528 2020 1674 2064 Seiffin
1692 2054 1704 2075 ‚
1730 2022 1818 2071 &c,

757 2092 937 2135 Dentata
967 2097 1012 2138 in
1032 2098 1318 2140 calidioribus
1338 2097 1467 2139 cultis
1516 2095 1814 2139 Vocuntiorum.

204 2192 652 2240 POLYCNEMUM.
765 2193 947 2246 Arvenfe
968 2197 1015 2236 in
1031 2191 1241 2236 sabulofis
1263 2194 1443 2248 ubique.

203 2294 241 2338 C
262 2293 305 2334 R
327 2291 365 2334 O
384 2291 419 2334 C
441 2287 483 2331 U
512 2284 553 2330 S.
764 2286 991 2344 officinalis
1021 2291 1067 2330 in
1098 2291 1355 2332 nemoribus
1377 2290 1601 2344 frequens.

205 2387 248 2435 G
270 2390 301 2431 L
318 2389 353 2432 A
374 2390 414 2430 D
433 2387 458 2430 1
481 2389 519 2433 Ο
539 2389 571 2432 L
587 2389 626 2433 U
645 2389 686 2432 S.
766 2387 995 2429 Communis
1016 2390 1062 2429 in
1084 2391 1338 2431 monticulis
1357 2369 1512 2444 apricis
1540 2389 1816 2437 meridional.

210 2482 234 2526 1
253 2484 295 2527 R
315 2484 337 2527 I
360 2484 401 2529 S.
769 2484 1017 2527 Germanica.
1063 2488 1109 2526 in
1133 2487 1268 2527 muris
1291 2489 1455 2530 hortor.

755 2563 920 2605 Pumila
940 2565 987 2605 in
1003 2565 1134 2605 aridis
1157 2567 1437 2608 monticulor.
1457 2566 1730 2609 calidiorurn.

763 2639 954 2692 Pseudo·
979 2640 1156 2687 Aconas,
1181 2643 1222 2681 in
1261 2639 1371 2682 foliis
1391 2642 1601 2695 planitiei.

761 2714 1026 2772 Foetidiffima.
1061 2719 1174 2760 circa
1214 2722 1254 2758 la
1294 2719 1387 2760 C0⁴te
1408 2748 1421 2768 ‚
1459 2719 1578 2762 secus
1619 2724 1709 2765 vias
1744 2720 1822 2778 sae‘·

817 2791 955 2843 pibus,

774 2865 988 2909 Graminea
1006 2869 1050 2909 in
1068 2871 1348 2915 calidioribus
1370 2876 1707 2918 Vocontiorum.

214 2962 245 3006 S
264 2963 298 3010 C
318 2961 360 3010 Η
376 2962 415 3010 0
430 2962 464 3010 Ε
484 2961 526 3009 N
548 2961 590 3008 U
606 2963 650 3015 S,
762 2962 963 3017 Illariscus·
985 2966 1029 3006 in
1050 2964 1183 3018 sylvis
1208 2971 1374 3010 mimici
1389 2986 1410 3016 ⁴,

775 3039 1039 3093 Mucianam
1060 3045 1105 3087 in
1129 3047 1326 3100 paludib,
1345 3048 1425 3089 sub
1449 3052 1584 3102 aquis.

1381 3123 1419 3163 A
1461 3134 1483 3163 2
