2007 3593
240 238 366 319 xviij
732 232 1041 294 PRAEF
1105 246 1338 300 AT10

250 345 515 408 differunt
558 363 588 400 a
630 339 946 399 terestribus
976 383 992 413 3
1014 337 1279 419 veronicae
1307 335 1684 396 meridionales
1708 328 1847 395 ficut

255 450 482 490 romana
507 472 522 498 ,
543 423 751 483 cu1tura
776 421 1062 480 evaserunt
1108 443 1270 479 merae
1319 421 1607 492 varie-tates
1648 420 1847 478 borea·-

254 515 387 571 lium
413 532 428 587 3
456 509 730 567 maritima
751 551 766 578 3
795 501 1043 576 fiberica,
1068 501 1263 581 spicata
1294 548 1309 576 3
1346 503 1432 561 vix
1455 507 1608 561 terte
1633 499 1847 560 diversae

253 595 473 673 species.
525 591 727 648 Circaea
787 581 1101 646 Parifienfis
1138 585 1283 642 nullo
1338 585 1506 642 modo
1545 583 1731 644 differt
1778 582 1846 640 ab

254 678 456 753 Alpina
482 697 496 752 3
523 675 675 732 Nam
730 671 785 728 in
834 669 1126 726 Li‘thuania
1180 668 1358 724 media
1413 668 1562 726 adest
1646 667 1848 745 species

259 760 422 818 altior
445 804 459 831 ‚
516 753 652 813 ficut
686 747 988 815 Parifienfis
1021 796 1035 821 ,
1092 751 1236 827 cujus
1280 749 1463 809 foliola
1503 749 1700 831 calycis
1728 749 1851 812 sune

260 841 538 911 colorata,
583 834 717 893 sicut
767 835 824 892 in
899 832 1142 910 Alpina,
1181 831 1428 910 cujusque
1476 833 1604 891 folia
1665 833 1849 910 alpinae

257 923 450 982 similia
477 965 499 995 ,
549 923 654 977 δῖε.
680 919 838 995 Quot:
887 916 1002 972 cisti
1034 961 1048 988 3
1074 915 1279 973 teucria
1303 961 1318 987 3
1369 937 1479 992 quae
1542 917 1654 993 'jam
1696 914 1852 994 suspi-

260 1025 422 1070 cante
476 1005 693 1062 Linnaeo
721 1045 735 1072 3
778 997 900 1056 sunt
943 1019 1102 1056 merae
1164 1000 1453 1055 varietates
1516 999 1774 1074 produRae
1818 1022 1852 1059 a

253 1088 374 1147 'seio
447 1085 671 1145 humido
718 1128 732 1154 ,
799 1077 1056 1138 umbroso
1102 1125 1119 1153 3
1187 1076 1328 1137 ficco
1355 1126 1371 1152 ,
1443 1083 1548 1138 &a
1605 1084 1694 1160 qui
1739 1082 1851 1141 haec

263 1173 428 1230 dubia
465 1169 667 1228 leviora
709 1163 965 1240 judicabit
993 1207 1010 1234 ,
1058 1160 1201 1218 colat
1234 1162 1399 1220 varias
1449 1161 1650 1241 species
1672 1210 1688 1236 3
1719 1157 1856 1223 ficut

266 1251 372 1313 diu‘
423 1252 651 1311 fecimus
680 1293 696 1320 3
758 1246 886 1324 saepe
953 1261 1135 1302 mutet
1205 1259 1376 1302 terras
1419 1286 1445 1317 3
1502 1246 1750 1327 irrigatio
1786 1244 1854 1306 fit

264 1335 469 1396 diversa
496 1377 518 1407 3
557 1331 765 1393 videbit
797 1350 904 1407 quo
959 1328 1124 1384 modo
1165 1327 1314 1384 mille
1346 1327 1518 1386 modis
1561 1327 1859 1409 polymor-

263 1423 376 1500 phae
419 1418 663 1485 evadunt!
698 1412 957 1490 pleraeque
988 1408 1187 1487 species
1219 1455 1235 1484 3
1281 1409 1559 1488 quomodo
1597 1411 1803 1470 cultura
1831 1458 1851 1488 3

258 1504 360 1564 *tali
381 1502 546 1559 modo
569 1512 873 1567 mutantur,
898 1510 958 1552 ut
982 1494 1067 1552 vix
1082 1492 1147 1549 ad
1172 1509 1496 1573 prototypos
1515 1495 1751 1574 agrestes
1771 1512 1903 1554 ret-⁴*

268 1587 392 1644 duci
419 1582 740 1662 poffintgnon
762 1578 955 1655 loquor
974 1576 1041 1632 de
1065 1574 1856 1656 hybridi53defasciati53omitto

270 1670 557 1727 varietates
595 1665 647 1720 in
677 1683 906 1719 numero
936 1659 1247 1730 staminum,
1274 1657 1574 1735 petalorum
1605 1704 1621 1732 3
1668 1661 1856 1737 capsu-

271 1751 442 1809 larum
469 1795 484 1822 3
521 1745 926 1814 loculamentis3
958 1761 1186 1799 numero
1224 1739 1647 1800 seminum.Haec
1672 1742 1858 1802 diver,-

272 1832 454 1891 fitates
496 1833 551 1888 in
578 1827 815 1908 plurimis
837 1824 1186 1883 observantur
1214 1843 1228 1899 3
1269 1819 1532 1882 notinullae
1552 1826 1814 1915 verchicae
1835 1871 1853 1899 3

276 1917 377 1974 tria
420 1915 644 1972 stamina
690 1909 842 1967 nobis
875 1906 1233 1985 obtulerunt3
1259 1905 1533 1963 sambucus
1566 1905 1696 1984 saepe
1723 1907 1810 1965 sex
1833 1953 1853 1982 3

273 1999 478 2076 septem
505 2039 530 2071 3
583 1991 922 2075 Lysimachia
971 1985 1313 2070 Thyrsiflora
1342 2034 1359 2062 ,
1414 1987 1502 2046 sex
1528 2033 1544 2061 3
1585 1984 1791 2066 septem
1829 2031 1858 2063 3

273 2084 393 2140 οᾶο
437 2079 662 2137 stamina
705 2076 1066 2154 &segmenta
1092 2070 1337 2144 corollae,
1387 2069 1516 2128 folia
1563 2072 1776 2153 integra
1799 2073 1858 2130 in

277 2160 481 2242 aquosis
501 2160 710 2219 diffefika
739 2156 880 2214 fiunt
904 2202 918 2228 3
946 2154 1177 2229 juniores
1199 2152 1386 2231 plantae
1409 2151 1598 2211 villosae
1624 2155 1863 2213 evadunt

278 2246 466 2304 adultae
501 2243 689 2326 glabrae
717 2287 732 2313 ,
778 2235 972 2318 spinosi
1018 2237 1236 2294 frutices
1282 2236 1470 2294 mutici
1503 2235 1593 2303 sen
1631 2236 1860 2304 scentes·

277 2330 335 2390 Si
377 2330 543 2408 igitur
587 2345 840 2382 numerus
869 2373 885 2400 3
924 2322 1098 2378 forma
1137 2320 1384 2376 omnium
1452 2340 1544 2396 par
1631 2342 1684 2377 m
1709 2366 1725 2394 3
1762 2320 1862 2379 cli..

280 2428 430 2469 mate
464 2456 478 2485 3
518 2409 721 2467 cultura
747 2453 761 2479 3
806 2405 1037 2462 statione
1092 2398 1424 2460 diverfitates
1455 2403 1509 2458 in
1545 2400 1762 2460 floribus
1799 2405 1862 2461 ’δεῖ

278 2495 426 2553 foliis
456 2484 459 2493 ’
482 2492 822 2571 producunt,
862 2488 974 2565 quis
1037 2484 1268 2542 stabilire
1322 2484 1498 2563 potest
1530 2534 1547 2557 ‚
1589 2484 1861 2563 usquequo

283 2594 470 2634 natura
517 2574 582 2632 ab
629 2570 886 2649 Hispania
912 2615 927 2643 3
967 2569 1030 2624 ad
1076 2569 1404 2646 Lapponiam
1444 2562 1645 2624 influxu
1679 2567 1813 2624 aeri&
1839 2612 1861 2640 3

287 2657 554 2735 temperie
599 2654 691 2711 soli
720 2700 735 2727 3
763 2655 855 2710 has
904 2653 1103 2708 formas
1143 2653 1356 2707 mutare
1381 2649 1553 2708 valeat
1578 2652 1596 2706 ἲ
1626 2650 1864 2727 indeque

284 2738 720 2800 concludendum
754 2786 766 2809 3
783 2736 897 2812 jure
918 2734 1222 2811 meritoque
1248 2735 1521 2791 Linnaeum
1548 2776 1563 2804 3
1589 2730 1667 2788 his
1681 2733 1865 2789 omni-

286 2826 382 2883 bus
413 2819 720 2900 ponderatis
749 2863 765 2889 ‚
800 2819 1106 2874 innumeras
1147 2816 1490 2892 antiquorum
1526 2813 1811 2891 varietates
1836 2855 1864 2886 ‚

285 2928 316 2963 a
343 2907 527 2981 sapore
559 2949 573 2975 ,
616 2902 785 2958 odore
810 2952 825 2977 ‚
858 2894 1229 2979 magnitudine
1255 2897 1496 2954 dedu&as
1523 2942 1538 2968 ,
1567 2896 1631 2953 ad
1665 2892 1863 2973 species

293 2989 597 3047 constantes
628 2982 888 3043 reduxisse
908 3027 926 3061 3
975 2982 1028 3040 in
1053 2981 1428 3061 posterumque
1453 2978 1586 3038 illius
1616 2976 1864 3058 plurimas
