2007 3593
897 228 1076 308 (73)

175 309 323 361 mina‘
343 309 518 378 petalis
558 301 826 370 breviora,
887 309 1105 360 Brac'teae
1146 304 1281 360 ficcae
1313 301 1404 360 sub*
1454 307 1768 381 pedunculiss

175 376 388 428 Frutstus
427 392 672 428 concavus
699 409 714 431 ‚
761 390 822 423 ex
871 375 1076 441 capsulis
1114 379 1367 428 revolutis.
1410 379 1664 445 Frequens
1704 382 1772 431 est

176 446 420 502 varietas,
461 441 596 492 foliis
639 458 743 490 non
773 444 930 491 ovatis
963 476 980 500 ,
1017 443 1096 492 sed
1136 445 1412 494 lanceolato
1451 448 1772 510 acuminatis,

173 511 436 577 latitudine
471 509 596 560 odio
620 508 859 557 linearum
889 544 905 569 ,
944 510 1260 577 longitudine
1291 510 1372 562 sex
1409 513 1679 577 pollicum3
1721 513 1774 562 in

174 577 260 625 ista
302 580 509 626 rariores
548 575 660 624 sunt
701 572 888 632 fiores,
926 575 1027 626 duo
1077 591 1270 626 tantum
1316 579 1544 629 verticilli
1575 581 1775 630 remoti.

172 643 339 693 Petala
363 643 508 692 rubra
529 679 544 703 ,
575 641 793 697 minima.
821 643 1053 692 Germina
1086 644 1292 709 plurima
1318 683 1335 708 ‚
1377 647 1645 710 capitulum
1673 642 1773 695 for-

171 711 392 768 mantia,
443 711 682 774 quodque
736 724 941 774 germen
983 710 1300 760 trisulcaturn.
1355 713 1643 761 Florentem
1691 711 1774 761 in·-

170 776 288 824 veni
332 776 478 825 initio
519 777 653 824 Junii
680 811 695 836 ‚
731 775 781 823 in
815 776 950 840 aquis
989 775 1230 828 Lososnae.
1279 779 1409 827 Mihi
1451 779 1648 828 videtur
1685 780 1774 827 in·-

170 842 408 892 termedia
450 843 631 909 species
655 879 667 900 ‚
714 842 1017 908 disponenda
1054 847 1187 894 inter
1228 845 1570 911 Plantaginem
1598 845 1649 895 δε
1677 847 1777 909 Βα-

172 910 544 959 ηυηω]ο,ιάετη,
1332 965 1334 975 1

238 989 348 1042 305.
394 975 587 1038 Alisina
629 974 980 1024 ranunculoides
1021 979 1074 1025 L.
1117 975 1279 1043 paffim
1316 975 1571 1037 invenitur
1604 979 1656 1027 in
1681 975 1774 1028 fos-

173 1039 235 1091 fis
277 1060 432 1111 prope
471 1043 707 1093 Grodnam
749 1041 958 1092 florebat
998 1043 1169 1093 Julio:
1214 1045 1464 1108 perennis.

239 1109 350 1171 obst
409 1114 466 1159 In
509 1112 640 1178 sylva
686 1125 839 1176 prope
884 1107 1122 1158 Grodnam
1163 1110 1332 1160 οᾶεινε
1373 1109 1512 1159 Junii'
1542 1145 1558 1169 ‚
1595 1109 1646 1159 in
1686 1126 1770 1175 pa-

168 1175 342 1225 ludoso
383 1176 529 1237 Ιοεο,
571 1176 737 1225 inveni
776 1177 1017 1241 specimen
1059 1175 1300 1238 fingulare
1339 1211 1353 1234 ‚
1392 1176 1531 1243 quod
1561 1175 1644 1225 hic
1683 1178 1774 1227 de-

167 1240 309 1308 signo
356 1242 539 1293 futuris
577 1245 870 1302 Botanicis‚
919 1261 1028 1292 nam
1067 1243 1402 1293 diffe&ionem
1440 1244 1609 1310 peregi
1634 1242 1776 1293 floris

168 1310 392 1358 nondum
431 1311 623 1375 aperti,
658 1311 792 1359 unde
837 1324 994 1358 tutum
1022 1327 1178 1376 genus
1216 1328 1320 1361 non
1347 1312 1485 1377 potui
1506 1310 1776 1372 obtinere;

163 1374 217 1423 in
258 1375 355 1424 hoc
398 1378 547 1425 caulis
591 1374 902 1443 singulariter
941 1392 1222 1426 contortus.
1258 1379 1397 1427 Folia
1444 1377 1773 1436 verticillata‚

166 1441 258 1490 tria
293 1456 374 1491 aut
405 1460 658 1509 quatuos,
706 1444 973 1493 lanceolata
1017 1477 1032 1501 ‚
1074 1443 1354 1494 succulenta
1390 1479 1406 1500 ‚
1446 1445 1775 1512 glaberrima,

165 1507 565 1574 quinquenervia
609 1547 625 1570 ,
668 1509 807 1575 supra
851 1510 942 1559 alia
978 1512 1164 1560 alterna
1203 1508 1324 1560 folia
1364 1511 1634 1560 lanceolata
1683 1527 1775 1559 an-

161 1575 429 1641 gustiora·,·
486 1577 535 1625 in
581 1594 753 1626 centro
800 1577 1091 1626 soliolorum
1131 1578 1354 1643 quinque
1401 1612 1418 1634 ‚
1462 1573 1777 1643 approxima-

163 1657 328 1690 torutn
356 1680 369 1703 ,
411 1643 786 1693 subvillosorum
815 1680 828 1701 ,
870 1643 1036 1694 inveni
1064 1645 1365 1709 glomeruloS
1398 1643 1524 1693 duos
1549 1643 1776 1710 goffypio

162 1708 409 1758 obdufios
431 1748 446 1769 ‚
481 1711 669 1760 acicula
713 1710 878 1761 evolvi
915 1728 1071 1760 unum
1097 1746 1111 1768 ,
1166 1709 1422 1759 observavi
1447 1728 1546 1761 tres
1569 1711 1773 1771 laminas

201 1778 470 1827 etaloideas
509 1778 721 1826 interius
764 1814 779 1836 ,
842 1791 945 1826 tres
989 1777 1106 1827 alias
1162 1777 1342 1845 virides¹
1387 1778 1637 1838 emerim,
1680 1777 1777 1826 Sex

179 1840 358 1892 ‘tamina
394 1845 626 1894 anthaeris
649 1844 859 1910 magnis.

225 1909 334 1973 306.
382 1910 529 1973 Ciftus
565 1909 927 1958 helianthemurn
959 1911 1014 1958 L.
1056 1909 1336 1958 communis
1369 1909 1558 1977 ubique
1593 1909 1644 1961 in
1670 1909 1771 1978 pas-

161 1979 266 2025 cuis
311 1976 440 2025 circa
482 1977 722 2026 Grodnam
749 2014 764 2039 ,
799 1976 985 2024 florens
1019 1975 1160 2040 Majo
1189 2011 1203 2034 ‚
1236 1978 1409 2026 Junio.

223 2042 333 2104 obs.
380 2042 508 2093 Basis
552 2046 704 2094 caulis
746 2043 996 2105 rubescit,
1041 2042 1093 2091 &
1138 2041 1261 2099 saepe
1302 2042 1631 2092 inveniuntur
1653 2041 1764 2110 spe-

157 2110 333 2169 cimina
357 2146 374 2170 ‚
420 2112 641 2162 caulibus
685 2111 736 2161 &
777 2107 914 2158 foliis
951 2110 1134 2158 rubris.
1179 2110 1295 2158 Huc
1334 2109 1547 2159 veniunt
1568 2115 1605 2169 ,ξ
1629 2112 1778 2160 etiam

156 2177 424 2241 specimina
465 2176 601 2228 foliis
657 2176 845 2242 magnis
891 2211 906 2234 ‚
954 2174 1275 2244 longitudine
1317 2193 1465 2225 unius
1524 2176 1717 2239 pollicis
1757 2215 1778 2244 ,

154 2244 543 2311 nigrescentibus
563 2283 579 2306 ‚
616 2244 697 2291 vix
729 2239 931 2291 villofis.

218 2324 329 2376 307.
375 2308 516 2358 Adea
558 2308 949 2375 Clzrifioplzoriana
979 2308 1034 2357 L.
1060 2310 1339 2356 communis
1385 2308 1441 2357 in·
1460 2307 1610 2374 sylvis
1649 2327 1776 2376 pro-

154 2392 216 2441 pe
265 2376 542 2434 Grodnam,
602 2377 652 2424 in
707 2373 951 2424 umbrosis
1005 2374 1170 2431 locis,
1200 2372 1386 2425 florens
1425 2376 1570 2425 initio
1618 2377 1734 2427 Julii
1760 2394 1779 2428 ὅ

155 2446 407 2508 perennis
447 2443 604 2492 Radix
648 2441 836 2508 lignosa
891 2441 1020 2489 acris
1064 2475 1076 2496 ,
1130 2442 1289 2490 baccae
1333 2440 1576 2490 nauseosae
1615 2479 1632 2504 ‚
1698 2440 1779 2491 fae·

154 2510 284 2568 tidae,
304 2525 584 2570 -venenatae3
609 2508 778 2558 succus
810 2508 1195 2556 baccarumcum
1225 2508 1444 2556 alumine
1463 2507 1651 2566 cocffuS,
1691 2510 1778 2558 dat

153 2578 373 2628 colorem
400 2577 622 2643 nigrum.
668 2575 811 2624 Odor
862 2570 1102 2622 foliorum
1157 2572 1241 2620 vix
1300 2575 1441 2622 ullus.
1487 2575 1643 2642 Sapor
1681 2574 1770 2625 sub

154 2643 337 2691 recessu
377 2660 544 2693 amaro
566 2671 587 2679 -
612 2641 738 2690 acris
764 2636 1190 2704 ‚subadstringens
1214 2676 1230 2701 ,
1274 2639 1528 2706 proprius.

221 2709 334 2768 Obs.
376 2709 502 2758 Lobi
527 2707 762 2760 foliorum
800 2707 1100 2771 inaequales,
1142 2704 1382 2754 dentato·
1409 2705 1612 2765 serrati,
1647 2707 1774 2757 den-

150 2774 283 2824 tibus
328 2776 531 2840 magnis.
579 2773 855 2824 Pedunculi
897 2772 997 2822 albi
1032 2805 1047 2828 ,
1091 2769 1329 2834 diaphani
1357 2810 1373 2832 ,
1414 2791 1441 2823 a
1480 2775 1555 2824 icc
1590 2774 1768 2823 incras-

150 2839 253 2890 sati.
297 2842 460 2891 Petala
506 2840 734 2907 angusta,
772 2842 911 2887 nivea
944 2873 958 2896 ,
1004 2838 1130 2886 alba.
1174 2839 1394 2888 Stamina
1455 2841 1676 2890 exdecirn
1711 2843 1772 2891 ad

150 2908 326 2964 viginti
372 2923 584 2972 quatuor
627 2906 792 2955 inveni
833 2905 882 2951 in
931 2904 1078 2954 variis
1103 2902 1469 2967 speciminibus.
1514 2906 1764 2956 Anthaerae

151 2976 289 3025 albae.
351 2975 501 3024 Stilus
538 2974 719 3022 nullus.
766 2971 1000 3037 Stigmata
1042 2971 1092 3018 &
1125 2971 1349 3036 germina
1395 2973 1524 3030 alba.
1554 2970 1768 3021 Braeteae

149 3041 360 3090 lineares
389 3075 404 3100 ‚
450 3040 509 3088 ad
553 3037 701 3088 basim
737 3035 967 3102 cujusque
999 3035 1245 3101 pedicelli.

220 3107 364 3156 Pauci
409 3105 556 3153 flores
586 3104 666 3153 seu
703 3105 782 3151 sex
822 3104 869 3150 in
914 3117 1120 3167 quoque
1154 3116 1352 3150 racemo
1398 3120 1412 3158 ;
1484 3101 1605 3169 saepe
1637 3103 1764 3154 infra

151 3187 338 3224 ramum
363 3207 378 3236 ,
418 3172 750 3241 pedunculum
772 3166 937 3220 fetens
963 3206 982 3238 2
1011 3169 1211 3223 invenio
1232 3168 1358 3219 duos
1378 3167 1530 3222 flores
1570 3168 1761 3222 fcffilcs·
