2007 3593
191 275 225 320 x
488 253 503 269 ”
697 261 1209 324 'PRAEFATIO

192 360 472 421 salutatam
534 361 729 421 floram
794 358 997 419 dimisit
1027 407 1042 432 ‚
1096 376 1387 440 totumque
1453 361 1506 420 se
1568 359 1802 444 phyficae

192 465 296 502 nec
331 467 440 502 non
474 445 784 503 oeconomiae
823 445 1024 502 rusticae
1049 444 1269 502 tradidit
1295 486 1319 518 ,
1343 445 1400 501 in
1439 446 1626 523 quibus
1671 445 1796 524 quid

190 528 528 605 praestiterit
518 533 529 571 Ι
552 528 761 604 praemia
795 529 850 585 in
870 527 1170 585 Academia
1197 544 1515 604 reportata,
1548 528 1794 587 diurnale

188 608 473 690 phyficum
502 611 567 668 ab
608 609 860 668 omnibus
898 610 1098 688 ubique
1140 608 1459 684 laudatum,
1518 612 1796 672 Diffiona-
1877 651 1880 654 -

192 714 334 748 num
365 693 727 774 agriculturae,
741 692 993 750 omnibus
1026 691 1306 751 testantur.
1325 693 1450 750 Nec
1477 691 1795 751 illaudatum

192 775 630 856 derelinquemus
673 798 843 834 unum
867 797 931 833 ex
954 775 1297 833 Academicis
1319 775 1514 834 nostris
1540 776 1794 834 ειτιιάἰῐὶῖ-

192 853 390 916 fimum
433 858 746 932 Devillers,
788 858 876 937 qui
899 880 929 915 a
953 859 1175 938 triginta
1196 858 1346 916 annis
1379 857 1518 915 nulla
1554 857 1794 940 Phyficae

194 941 439 1016 negle&a
487 958 680 1020 parte,
717 941 954 999 summus
995 939 1300 1021 agnoscitur
1325 940 1605 999 Chemista
1627 944 1795 1020 ,pri-

193 1025 392 1083 marius
427 1026 543 1102 jure
571 1048 601 1083 a
625 1026 808 1101 peritis
848 1024 1230 1082 denominatur
1252 1023 1681 1104 Entomalogus,
1708 1025 1796 1082 hic

195 1123 253 1163 et
257 1108 364 1164 iam
385 1105 530 1166 fiorae
546 1107 732 1165 nostrae
747 1110 984 1165 favorem
1012 1108 1170 1185 petiit
1197 1111 1248 1164 ἐξ
1278 1106 1557 1164 obtinuit:
1583 1108 1795 1164 nostros

191 1210 404 1266 quaque
438 1189 768 1268 septimana,
793 1212 1012 1267 campos
1053 1190 1119 1247 ad
1145 1188 1293 1266 plura
1327 1189 1571 1246 milliaria
1619 1190 1793 1247 adhuc

193 1271 460 1330 indefeffe
481 1291 773 1368 peragrat,
809 1273 1171 1352 plurimasque
1187 1294 1329 1329 raras
1351 1271 1552 1349 species
1580 1271 1794 1348 planta-

197 1376 318 1411 rum
359 1356 570 1414 invenit
592 1379 764 1435 ‚quas
817 1355 972 1413 nobis
1015 1354 1222 1413 liberali
1275 1376 1436 1413 manu
1483 1354 1787 1414 concessit.

192 1436 295 1494 iste
340 1439 644 1497 herbarium
689 1436 1005 1497 ditiffimum
1055 1435 1152 1496 fibi
1212 1437 1482 1515 perfecit:
1515 1437 1606 1494 sed
1659 1456 1794 1514 quot

195 1521 257 1576 th
237 1520 470 1581 efauros
511 1523 568 1579 in
604 1521 979 1602 entomologia
1015 1519 1285 1598 poffidet.
1273 1520 1284 1558 ¹
1313 1520 1550 1578 mirabili
1599 1522 1793 1579 ordine

196 1620 427 1680 quatuor
473 1605 640 1663 millia
695 1603 1018 1662 insectorum
1076 1600 1250 1661 offert
1313 1602 1451 1662 illius
1502 1603 1791 1698 musaeum,

197 1686 345 1744 inter
371 1710 482 1766 quae
521 1688 623 1746 tria
661 1687 831 1746 millia
878 1686 1209 1746 Gallicorum
1240 1708 1388 1764 ‚quae
1428 1687 1613 1743 omnia
1660 1708 1792 1763 pro-

197 1771 313 1846 pria
376 1792 540 1829 manu
601 1770 845 1852 collegit.
917 1771 970 1827 O
1040 1768 1053 1826 !
1109 1771 1317 1827 utinam
1389 1791 1571 1826 rerum
1634 1770 1794 1846 periti

195 1853 451 1912 omnibus
540 1855 777 1912 numeris
842 1853 1069 1930 perfecti
1139 1850 1529 1933 entomalogici
1615 1853 1796 1930 operis

194 1933 502 1994 V1llerfiam
593 1938 896 1994 editionem
981 1935 1377 2012 expeditiorem
1476 1933 1834 1994 redderent

198 2019 489 2096 Paulopost
509 2019 645 2078 alter
668 2021 871 2077 amicus
886 2034 1117 2076 em1nu1t
1132 2035 1275 2075 mter
1300 2016 1628 2075 naturalistas
1654 2019 1799 2099 Lug-

197 2100 409 2160 dunaeos
444 2097 759 2161 clariffimus
807 2097 1131 2172 Camufius‚
1184 2102 1272 2179 qui
1323 2102 1381 2157 in
1428 2100 1790 2180 mineralogia

197 2184 328 2242 nulli
379 2185 675 2260 secundus,
715 2185 914 2242 nullam
968 2182 1209 2266 Physica:
1256 2200 1468 2261 partem
1513 2183 1793 2264 neglexit:

202 2268 313 2340 Hie
356 2266 487 2347 saepe
554 2232 779 2347 canipos¹
821 2268 1032 2325 nostros
1071 2288 1279 2345 quaque
1335 2266 1423 2323 die
1471 2287 1788 2343 percurrens

200 2348 329 2426 saepe
349 2373 487 2410 raras
513 2352 714 2430 plantas
736 2349 1050 2408 inveniebat
1079 2373 1090 2406 ε
1123 2372 1248 2426 quas
1265 2348 1416 2406 hilari
1444 2347 1591 2406 vultu
1616 2348 1789 2407 liben-

204 2451 292 2489 ter
345 2435 501 2494 nobis
551 2433 901 2493 concedebat
921 2431 1022 2490 Ille
1061 2431 1197 2490 solus
1264 2435 1455 2490 tractus
1495 2432 1788 2512 Lugdunaei

204 2516 616 2606 mineralogiam
675 2534 980 2578 accuratam
1029 2536 1299 2609 peragere
1384 2516 1634 2592 poterit,
1691 2536 1790 2573 cu-

201 2621 280 2673 jus
341 2601 650 2681 fragmenta
733 2597 963 2680 pretiosa
1033 2599 1140 2676 jam
1217 2600 1274 2655 in
1350 2596 1574 2655 coetibus
1640 2597 1789 2655 Aca-

204 2681 394 2740 lemiae
437 2684 693 2764 praelegit

288 2766 416 2823 Post
453 2769 557 2825 hos
587 2768 823 2826 summos
891 2763 1056 2821 Viros
1119 2763 1208 2839 qui
1264 2760 1557 2819 Provinciae
1603 2760 1807 2837 nostrae-¹

199 2847 384 2905 histor}
372 2871 473 2905 am
502 2851 801 2909 naturalem
844 2846 1205 2917 illustrarunt,
1240 2845 1328 2921 qui
1355 2845 1625 2921 proferam
1650 2845 1789 2899 circa

203 2949 422 2989 conatus
439 2934 635 2991 meos!
629 2936 654 2971 Δ
647 2953 812 2991 nnor
829 2943 944 3005 762
968 2929 1083 3006 post
1107 2891 1271 2984 degan
1278 2912 1409 2984 &ain
1438 2925 1790 2984 Academiam

201 3015 281 3066 Fi<
271 3014 686 3091 ”sp0lrensem9
711 3034 878 3072 novus
897 3007 1202 3092 Sauvagessi
1229 3009 1506 3087 dilcipulus
1544 3028 1644 3063 nec
1678 3027 1791 3063 non

199 3096 272 3151 (τ’
296 3118 387 3155 a
379 3099 430 3155 ii
480 3100 680 3160 amicus
724 3105 777 3162 ὃς
824 3094 1037 3154 auditor
1060 3140 1076 3171 ,
1119 3114 1224 3163 eoo
1266 3093 1355 3172 qri
1392 3112 1422 3148 a
1467 3091 1665 3150 teneris
1694 3109 1802 3146 ane*
1841 3123 1844 3126 ·

1154 3142 1189 3174 lu
