2007 3593
869 169 1082 254 '(47)

167 258 275 312 ’qve
330 247 471 316 calyx
529 249 695 300 evadit
743 249 907 318 glaber
969 254 1074 319 post
1131 251 1533 305 Florescentiam.
1594 257 1772 312 Floret

167 313 530 364 marcescentes
568 354 584 378 ‚
630 315 831 364 castanei
880 320 1067 368 coloris
1104 320 1363 386 specimina
1404 322 1731 377 inveniuntur
1757 363 1773 388 ‚

166 382 315 428 caule
361 383 562 448 palmari
583 380 894 433 ramosiffimo
920 420 935 442 ,
965 386 1016 435 &
1042 388 1180 436 caule
1202 385 1545 452 simpliciffimo
1582 408 1775 443 racemo

176 447 334 495 unico
389 451 700 497 terminante.
748 449 903 500 Foliis
947 451 1275 518 angustiffimis
1328 451 1434 502 fere
1490 455 1780 513 linearibus.

169 513 323 562 Odor
361 512 503 577 hujus
534 517 716 580 plantae
745 515 917 567 suavis,

245 579 350 644 189.
393 581 548 630 Lotus
583 583 916 632 corniculatus
944 585 998 634 L.
1038 583 1222 648 ubique
1257 602 1412 651 prope
1437 585 1692 639 Groclnam
1730 593 1784 641 in

178 643 363 712 pascuis
408 645 656 707 arenosis,
697 647 879 697 florens
905 648 1053 699 Iunio
1094 651 1258 699 Julio:
1303 655 1551 716 perennis.

246 710 356 774 obs.
399 715 516 760 Non
556 731 661 763 rara
691 716 757 762 est
795 717 1003 766 varietas
1039 753 1052 776 ‚
1097 719 1234 765 caule
1262 717 1431 768 ere6³m
1457 756 1472 777 ‚
1522 719 1654 770 foliis
1694 740 1787 771 arr-

168 777 521 841 ›gustfloribus‚
562 780 621 828 ’δε
670 782 1003 848 leguminibus
1035 783 1367 833 tenuioribus.
1408 790 1462 834 In
1506 789 1644 836 Lotis
1675 789 1785 838 nos·

174 845 272 892 tris
316 845 451 893 radix
490 846 805 913 sublignosa,
847 849 1136 916 longissima.
1168 851 1340 900 Flores
1380 851 1692 904 defficatione
1717 854 1792 907 vi·

177 909 446 960 ridescunt.
1714 941 1719 947 ·

246 991 352 1042 190,
394 979 661 1044 Medicago
680 978 925 1043 lupolina.
949 980 1005 1030 L.
1039 982 1315 1030 communis
1346 984 1537 1049 ubique
1565 987 1616 1036 in
1639 990 1790 1053 agris,

179 1042 365 1094 florens
417 1061 519 1094 tota
563 1047 722 1095 aestate
769 1061 781 1092 ε
833 1063 1014 1095 annua·
1058 1052 1115 1096 In
1157 1050 1407 1114 plerisque
1443 1053 1790 1116 speciminibus

177 1113 341 1161 caules
364 1112 699 1162 numeroffimi
722 1114 888 1161 inveni
928 1128 1090 1162 tamen
1119 1153 1132 1175 ,
1171 1117 1310 1164 caule
1333 1115 1677 1184 simplicissimo
1714 1126 1795 1173 vix

176 1179 451 1228 -triunciali.
497 1182 630 1228 Tota
695 1181 859 1246 planta
896 1179 1098 1229 hirsuta.
1142 1183 1305 1232 Petala
1345 1186 1427 1233 vix
1466 1188 1602 1236 lente
1624 1189 1793 1239 distin·

179 1246 392 1313 guenda.
435 1244 566 1295 Οᾶο
608 1243 758 1295 flores
820 1263 924 1295 uno
962 1247 1100 1295 versu
1144 1247 1363 1313 dispositi
1409 1286 1424 1311 ‚
1484 1255 1796 1307 constituunt

174 1314 470 1380 capitulum.
515 1316 705 1361 Dentes
744 1311 1028 1378 stipularum
1070 1313 1286 1366 setaceae.

250 1392 358 1443 191.
411 1379 666 1447 Anthyllis
709 1380 1002 1430 vulneraria.
1042 1381 1098 1427 L.
1147 1383 1427 1433 communis
1452 1400 1606 1453 prope
1635 1386 1796 1438 Grod-

182 1462 294 1495 narn
346 1447 396 1494 in
443 1444 628 1510 pascuis
674 1481 689 1505 ,
730 1444 916 1495 florens
954 1446 1102 1496 initio
1148 1448 1318 1498 Junii:
1378 1455 1626 1516 perennis.
1672 1457 1797 1506 Haec

179 1511 364 1578 species
388 1550 401 1572 ,
438 1512 586 1564 sicca,
631 1507 758 1561 fatua
783 1547 798 1573 ‚
841 1530 942 1562 non
983 1530 1113 1580 grata
1152 1517 1420 1581 pecoribus
1446 1551 1461 1575 ,
1502 1517 1639 1584 juxta
1680 1517 1798 1570 nos-

175 1593 260 1628 ·tra
304 1581 641 1645 experimenta
678 1581 810 1629 iners
841 1580 907 1629 est
934 1616 949 1640 ‚
990 1584 1345 1648 procuratione
1386 1587 1658 1636 vulnerum.
1684 1591 1799 1638 Cae-

182 1660 385 1703 terum,
429 1647 597 1712 saepius
619 1648 748 1695 varia
786 1662 987 1712 apparet
1013 1685 1027 1708 ,
1073 1649 1276 1699 relative
1313 1651 1371 1698 ad
1402 1645 1799 1719 magnitudinem

184 1711 238 1761 &
280 1715 337 1761 ad
371 1711 488 1762 folia
533 1748 547 1770 ,
587 1729 694 1777 quae
734 1711 855 1780 saepe
896 1712 1008 1763 sunt
1049 1715 1377 1782 integerrima.
1412 1722 1590 1769 Inveni
1642 1721 1799 1788 speci-

175 1779 316 1830 ‘mina
343 1817 360 1840 ‚
406 1779 615 1828 floribus
656 1781 777 1829 albis
818 1780 870 1829 &
899 1783 1165 1831 coccineis.

257 1861 363 1912 192.
411 1847 670 1911 Anthyllis
708 1849 1112 1913 monocephalos.
1153 1848 1311 1897 Radix
1346 1847 1652 1918 sublignosa,
1698 1869 1796 1908 rii-

182 1913 384 1963 bescens
426 1932 440 1976 3
478 1911 597 1962 folia
641 1915 868 1963 radicalia
910 1917 1111 1979 petiolis
1152 1918 1316 1981 longis
1361 1953 1374 1973 ‚
1413 1919 1596 1970 villosis
1634 1957 1649 1980 ‚
1703 1928 1796 1974 alia

176 1973 419 2046 'simplicia
450 2016 463 2036 ‚
522 1995 672 2030 ovato
712 1984 985 2030 lanceolata
1030 1998 1046 2042 3
1123 1984 1214 2032 alia
1256 1980 1426 2034 similia
1490 1987 1795 2056 simplicibus

182 2048 262 2096 led
318 2048 378 2096 ad
433 2049 669 2114 petiolum
703 2049 803 2097 du'o
843 2064 927 2097 aut
969 2050 1061 2097 tria
1097 2051 1227 2115 paria
1250 2049 1484 2101 foliorum
1517 2071 1667 2105 ovato
1685 2059 1797 2107 lan·-

177 2115 491 2164 ceolatorum
525 2115 869 2180 producentia.
918 2115 1083 2165 Cauiis
1103 2115 1336 2179 ere&u3,
1391 2120 1592 2170 villosus
1644 2123 1796 2174 abasi

184 2179 404 2232 ramosus
429 2217 444 2241 ,
486 2199 647 2230 ramos
686 2182 813 2230 duos
843 2197 1034 2231 tantum
1068 2184 1351 2250 producens
1388 2187 1600 2251 pedales.
1646 2192 1788 2242 Folia

183 2248 376 2298 caulina
416 2284 430 2305 ‚
474 2250 562 2297 tria
593 2283 608 2305 ‚
655 2250 843 2299 alterna
867 2251 1104 2315 pinnata,
1149 2248 1335 2299 foliolis
1377 2256 1800 2321 angustelanceo·

177 2314 293 2364 latis
333 2315 506 2379 impari
544 2315 624 2363 vix
667 2313 851 2378 majore
888 2351 903 2373 ,
951 2333 1132 2366 novem
1160 2335 1243 2366 aut
1281 2317 1483 2384 septem.
1522 2323 1660 2371 Folia
1687 2338 1799 2373 orn..

186 2384 267 2430 nia
297 2381 459 2429 villosa
497 2417 510 2438 ‚
558 2399 579 2429 a
618 2383 777 2430 media
827 2397 964 2448 parte
1011 2400 1304 2446 ramorum,
1368 2387 1543 2437 Flores
1595 2394 1798 2455 capitati

185 2448 404 2514 capitulo
436 2446 642 2514 simplici
688 2483 703 2505 ‚
746 2447 1017 2512 paucifloro
1057 2485 1071 2507 ‚
1121 2468 1146 2499 a
1182 2450 1262 2499 sex
1305 2451 1364 2501 ad
1402 2453 1518 2504 οξὶο
1547 2489 1562 2512 ‚
1616 2458 1797 2508 Braci-

183 2529 278 2566 teae
319 2514 609 2580 ampliffixnae
652 2514 735 2563 sub
775 2515 1004 2580 quolibet
1044 2519 1263 2582 capitulo
1288 2552 1303 2576 ‚
1351 2524 1570 2584 palmatae
1606 2558 1621 2581 ‚
1665 2527 1795 2576 lobis

202 2585 252 2630 in
295 2579 620 2630 inferioribus
682 2581 1122 2632 numerosioribus.
1165 2585 1483 2636 Pcdunculus
1548 2597 1795 2655 generalis

180 2665 287 2698 non
348 2645 523 2697 sessilis.
566 2649 704 2697 Calix
749 2651 888 2697 albus
936 2650 1279 2700 tomentosus.
1356 2651 1504 2703 flores
1546 2661 1788 2710 coccinei.

256 2715 550 2762 Communis
594 2731 752 2780 prope
796 2715 1049 2764 Grodnarn
1091 2719 1141 2766 in
1185 2715 1371 2782 pascuis
1407 2740 1417 2769 :
1457 2720 1668 2774 florebat
1708 2729 1798 2777 Ju-

193 2782 299 2828 li0:
344 2782 587 2840 perennis,
622 2784 819 2830 Nullam
851 2779 1049 2832 similem
1089 2785 1293 2832 invenio
1326 2789 1454 2851 apud
1499 2790 1750 2842 Linnaeum
1774 2830 1794 2853 ,

187 2847 282 2896 nili
325 2845 381 2893 sit
423 2845 622 2910 simplex
666 2851 876 2896 varietas
918 2851 1162 2914 Anthyllis
1201 2852 1490 2902 vulnerariae.

266 2926 370 2977 ¹93·
417 2913 535 2959 Latli
585 2931 662 2961 rus
728 2914 1000 2964 tuberosus.
1052 2922 1106 2966 In
1150 2921 1334 2968 Radice
1390 2923 1559 2970 tubera
1596 2925 1795 2991 pirisor-

187 2978 319 3037 mia,
362 2928 577 3042 suspengi
622 2979 736 3027 filii·
775 2986 1099 3045 reptantibus.
1145 2985 1310 3034 Caulis
1353 2988 1664 3052 triquetrus‚
1709 3013 1796 3060 pc.

185 3043 305 3094 dalis
343 3082 359 3110 ‚
396 3046 573 3095 debilis
601 3081 616 3106 ,
653 3047 952 3098 'internodiis
997 3051 1161 3101 nudis.
1197 3053 1339 3104 Folia
1379 3056 1577 3107 binnata
1612 3092 1628 3121 ,
1673 3079 1798 3119 ova-q
