2007 3593
718 204 1252 288 Esssreroms:
1699 216 1804 320 ¹3³?

121 343 123 346 ι
176 323 278 367 ‚nes
322 301 748 382 Botanophyllos
797 306 1040 367 inveniet
1069 353 1093 382 ,
1129 330 1191 369 ut
1228 313 1337 371 cito
1361 330 1471 388 tam
1510 329 1795 406 egi-egium

179 408 314 463 opus
376 383 735 445 obtineamus,
788 390 916 447 Haec
959 392 1080 450 sunt
1124 395 1274 471 hujus
1334 399 1599 462 Linneani
1655 431 1794 487 ope..

179 471 250 527 ris
290 489 426 527 nova
486 486 823 530 ornamenta.
874 474 1033 531 Hanc
1104 478 1402 539 editionem
1466 484 1647 546 sedulo
1693 516 1794 551 cu·-

166 552 293 613 ;ravi
342 569 401 609 ut
454 552 588 608 ordo
638 574 820 611 rerum
882 578 992 612 non
1041 561 1500 640 perturbaretur,
1549 588 1611 628 ut
1662 577 1798 636 nihil

180 632 316 692 utile
339 635 482 710 juxta
522 629 855 712 propositum
891 642 1307 702 ommitteretur
1330 691 1344 719 ‚
1388 665 1448 706 ut
1476 648 1541 709 fit
1570 657 1795 718 tandem

177 738 306 775 vera
349 716 485 776 flora
531 718 798 795 Europea.
853 719 1077 780 Plurimi
1107 723 1500 806 desiderabant,
1527 755 1587 795 ut
1617 739 1672 796 in
1701 765 1791 804 me

178 798 449 858 sumerem
495 801 926 860 additamentum
982 804 1320 884 specierum,
1370 813 1792 897 descriptionum

112 880 114 882 ’
178 906 292 960 quae
328 906 358 940 a
384 885 568 942 clariss,
599 888 823 942 Lz‘nnoeo
851 907 962 942 non
989 889 1209 948 fuerunt
1250 899 1483 973 perafiae3
1513 904 1599 960 alii
1623 924 1792 982 pete-

179 965 318 1023 bant
342 984 402 1024 ut
451 966 564 1025 usus
620 968 984 1026 oeconomicos
1015 1020 1034 1043 ‚
1090 975 1327 1034 medicos
1359 1022 1373 1049 ‚
1428 984 1531 1042 &a
1564 990 1672 1045 δερ.
1726 1014 1794 1049 ex

177 1051 334 1108 variis
378 1051 608 1107 Limum⁴
652 1049 901 1126 operibus
944 1057 1284 1116 extraherem
1310 1084 1322 1118 ι
1353 1061 1442 1119 sed
1471 1068 1549 1125 his
1580 1071 1793 1131 addita-

162 1136 379 1197 „mentis
418 1131 688 1190 volumina
735 1133 964 1190 nimium
1006 1141 1153 1195 ancia
1196 1138 1451 1217 fuissent,
1510 1147 1582 1208 fic
1631 1174 1793 1214 exur-

176 1216 338 1306 giffet
379 1237 510 1292 opus
550 1214 954 1275 herbationibus
978 1264 992 1289 ‚
1029 1224 1555 1303 peregrinationibus
1580 1233 1791 1299 inutile.

178 1299 293 1359 Alii
321 1300 529 1357 criticas
571 1300 991 1373 annotationeS,
1050 1301 1164 1360 loca
1224 1308 1467 1384 parallela
1532 1321 1791 1397 Halleri,

177 1385 396 1461 Scopoli
466 1383 523 1440 in
588 1381 877 1461 generibus
938 1381 1313 1448 desiderabant
1361 1438 1375 1465 ,
1453 1395 1545 1455 sed
1609 1400 1794 1477 positis

175 1470 373 1525 horum
420 1469 767 1547 egregiorum
814 1465 1201 1527 Botanicorum
1241 1474 1542 1553 phrafibus‚
1584 1484 1792 1546 discre-

177 1551 359 1627 pantia
444 1571 709 1630 generum
772 1547 890 1606 satis
935 1569 1162 1628 apparet
1189 1607 1205 1634 ,
1258 1555 1439 1636 hisque
1485 1565 1728 1647 allegatis
1770 1624 1790 1652 ‚

178 1632 368 1691 saltem
412 1634 466 1690 in
498 1631 800 1713 vulgaribus
828 1632 1043 1692 inutiles
1101 1638 1336 1697 evadunt
1362 1642 1744 1725 descriptiones
1771 1679 1787 1714 t

179 1717 389 1774 etenim
421 1713 459 1772 fi
480 1717 592 1794 quis
625 1713 883 1772 attributa
921 1719 1210 1793 Baulzim',
1244 1729 1489 1801 Litmcei,
1523 1736 1748 1812 Scopolc'
1768 1783 1786 1813 ‚

175 1797 541 1876 Saapagefii,
612 1801 828 1855 Halleri
861 1840 886 1871 ,
967 1799 1300 1883 aliorumque
1353 1811 1409 1867 in
1467 1812 1793 1898 synonymis

176 1883 408 1963 allegata
444 1928 458 1954 ‚
505 1902 851 1939 coarcervare
902 1882 1169 1957 voluerit,
1216 1892 1499 1954 concinam
1539 1900 1792 1981 cujusque

174 1965 369 2040 speciei
411 1987 511 2021 nec
536 2001 559 2009 -
587 1986 695 2021 non
723 1965 1193 2026 cliaracfleristicam
1225 1973 1641 2055 descriptionem
1670 1985 1792 2046 fere

175 2048 388 2127 semper
431 2048 705 2105 obtinebit
734 2094 750 2121 ‚
797 2048 939 2105 unde
983 2046 1241 2111 difficient
1289 2074 1498 2119 tantum
1529 2067 1791 2128 attributa

176 2132 416 2209 plurimis
437 2130 710 2208 speciebus
741 2133 1053 2190 communia
1081 2179 1096 2207 ‚
1127 2158 1236 2213 quae
1259 2141 1398 2201 nulla
1428 2147 1698 2226 evadunt,
1745 2150 1789 2211 fi

172 2212 474 2274 scientifice
501 2215 754 2295 progredi
806 2214 1071 2284 volumus,

261 2300 370 2358 Alii
414 2298 635 2356 fortasse
663 2343 674 2369 ,
698 2299 842 2375 iique
869 2299 1038 2377 inepti
1062 2301 1392 2366 cavillatores
1418 2356 1432 2381 ,
1485 2334 1574 2371 me
1624 2339 1795 2376 vexa-

175 2382 348 2453 bunt,
380 2381 522 2460 quod
560 2382 762 2459 aliquot
800 2385 954 2438 horas
997 2381 1342 2463 succeffivas,
1383 2391 1472 2449 sex
1517 2398 1785 2460 meusium

173 2465 364 2543 spatiO,
395 2464 725 2521 elaborandae
749 2465 869 2521 huic
898 2464 1122 2524 editioni
1151 2469 1530 2546 impenderim.
1574 2480 1788 2542 Clami-

177 2549 368 2606 tabunt
405 2544 539 2605 sicut
564 2549 669 2623 jam
694 2548 942 2604 fecerunt
971 2593 986 2618 ,
1035 2571 1124 2608 mc
1154 2552 1473 2616 Botanicum
1498 2564 1787 2628 ardentem

172 2629 467 2712 neglexisse
549 2630 748 2707 praxim
811 2629 1058 2689 clinicam
1105 2657 1116 2690 :
1159 2635 1342 2694 dicant
1387 2643 1510 2720 quid
1553 2648 1723 2707 velint
1770 2671 1786 2730 ς

174 2714 442 2772 Botanico
490 2711 617 2770 lusui
673 2713 931 2789 impendo
983 2731 1191 2774 tantum
1232 2721 1398 2780 horas
1426 2748 1550 2802 quas
1590 2731 1662 2789 illi
1692 2733 1782 2810 pi..

172 2798 395 2876 gerrimi
425 2795 668 2854 censores
698 2841 712 2867 ‚
767 2813 1033 2854 cartarum
1080 2799 1209 2858 lusui
1237 2803 1452 2882 aliisque
1481 2817 1786 2889 crepundiis

174 2870 435 2937 amittunt
478 2903 489 2935 ;
540 2895 766 2959 :egrotos
815 2901 915 2937 nec
961 2882 1188 2963 'negligo
1218 2929 1233 2955 ,
1287 2887 1341 2943 in
1393 2892 1578 2950 museo
1620 2897 1788 2958 bonas

171 2965 329 3021 horas
351 3010 365 3035 ,
392 2983 598 3039 quaque
625 2963 732 3034 die,
759 2961 971 3019 leciioni
994 2968 1235 3041 repetita:
1255 2972 1591 3045 optimorum
1626 2980 1786 3041 clini-

173 3066 362 3104 corum
408 3046 665 3122 impendo
688 3091 702 3118 ,
738 3068 918 3106 curam
948 3045 1244 3108 nosocomii
1263 3055 1404 3129 quod
1428 3077 1530 3115 ncc
1547 3079 1786 3147 petens³
