2007 3593
245 189 285 268 ij
783 189 830 248 P
857 203 903 248 R
932 205 986 248 Ε
1014 205 1056 248 F
1082 204 1124 248 A
1164 205 1204 249 T
1230 205 1253 249 1
1284 207 1329 252 o

241 292 478 373 undique
520 291 714 371 placet.
758 292 1028 351 Sexcenta
1070 296 1126 352 &
1163 293 1302 351 ultra
1349 312 1555 374 genera
1596 292 1857 355 naturalia

238 400 366 436 cum
417 378 678 436 accuratis
731 375 1120 435 characteribus
1181 376 1474 434 delineavit
1526 421 1542 449 ,
1592 376 1682 435 sub
1714 399 1858 456 quo-

242 476 349 539 que
386 481 594 540 genere
645 457 919 536 plerasque
961 476 1115 516 notas
1157 457 1357 537 species
1393 480 1630 517 necnon
1673 461 1855 518 varie-

238 559 399 609 tates,
429 540 664 600 mirabili
687 541 953 599 affinitate
980 587 994 610 ‚
1016 542 1241 623 redigit,
1279 542 1368 599 sed
1396 542 1854 620 fatendumsprae-

232 625 425 686 sertim¹
447 627 632 684 nostro
650 646 779 696 aev0‚
807 627 912 682 hoc
939 621 1155 682 fistema
1172 625 1259 682 vix
1274 621 1528 682 sufficere:
1554 625 1660 701 jam
1691 629 1855 683 Vail..

233 711 441 768 laucius
472 708 625 788 hussus
661 729 789 765 vera
822 707 953 766 vitia
986 707 1413 779 demonstravit,
1446 707 1551 781 jam
1595 710 1855 766 Hallerus

231 794 329 850 fass
341 814 395 850 us
415 792 493 849 est
518 833 542 865 ,
567 790 820 868 plurimas
843 788 1029 848 classes
1056 790 1143 847 vix
1176 788 1506 848 sustinendas
1531 835 1547 861 ‚
1581 810 1852 848 numero-

229 875 394 953 saque
447 895 651 956 genera
717 894 830 932 non
875 871 952 930 sat
1024 873 1167 930 notis
1225 894 1358 930 vere
1421 866 1854 934 chara&eristicis

227 955 510 1038 designata
536 1004 551 1030 ,
608 953 1043 1034 pauciffimasque
1086 955 1286 1033 species
1329 954 1676 1013 caracleribus
1718 959 1850 1016 vere

228 1041 589 1100 effentialibus
632 1055 842 1098 notatas
873 1037 1046 1096 fuiffe.
1078 1040 1197 1097 Hos
1221 1038 1388 1096 etiam
1414 1037 1652 1095 defedus
1674 1039 1848 1100 adhuc

225 1124 437 1201 juvenis
506 1122 829 1201 perspiciens
866 1122 1110 1180 Linnaeus
1158 1167 1174 1195 ,
1252 1122 1338 1180 vix
1380 1121 1616 1202 triginta
1678 1142 1847 1182 annos

226 1224 385 1265 natus
409 1259 427 1287 ‚
472 1207 579 1281 jam
613 1205 850 1264 defefius
891 1205 1016 1263 artis
1045 1205 1344 1262 reformare
1364 1249 1381 1276 ,
1430 1206 1604 1261 hiatus
1633 1205 1847 1282 replere

225 1291 397 1348 voluit
431 1293 485 1347 δε
525 1289 704 1367 potuit
733 1334 748 1362 ,
775 1306 989 1345 maturo
1031 1288 1231 1365 judicio
1268 1287 1481 1345 semitas
1523 1302 1724 1344 naturae
1767 1290 1849 1347 in,

135 1427 176 1433 r.
221 1371 450 1431 deffeffe
487 1371 798 1449 prosecutus
846 1371 927 1429 est
963 1371 1056 1428 :in
1113 1369 1481 1428 fundamentis
1524 1368 1787 1429 botanicis
1821 1419 1840 1447 ,

220 1456 281 1514 in
323 1457 508 1514 critica
547 1456 796 1513 botanica
825 1498 840 1526 ‚
887 1453 944 1510 in
989 1451 1376 1531 Philosophia,
1406 1472 1638 1511 canones
1706 1475 1841 1531 pro-

223 1539 425 1617 posuit,
471 1539 735 1597 terminos
783 1532 1033 1594 definivit
1061 1581 1077 1608 ‚
1127 1537 1350 1594 nomina
1388 1536 1642 1615 generica
1700 1558 1842 1594 cen-

220 1623 350 1683 surae
392 1622 657 1681 severae&
692 1620 879 1678 audaci
921 1613 1199 1698 submifit3
1231 1620 1286 1677 in
1330 1618 1660 1677 bibliotheca
1689 1664 1705 1693 ,
1739 1621 1842 1677 in-

220 1706 446 1788 geniosa
485 1703 693 1781 prorsus
733 1702 1042 1775 methodo,
1067 1702 1230 1760 libros
1272 1702 1463 1760 omnes
1507 1717 1636 1759 tunc
1682 1702 1838 1761 evul-

219 1808 380 1871 gatos
445 1786 722 1865 proposuit
779 1833 797 1861 ,
852 1784 1260 1863 praecipuosque
1342 1782 1565 1842 censura
1631 1786 1842 1864 impar-

221 1876 337 1932 tiali
377 1872 668 1948 judicavit3
714 1870 771 1926 in
806 1865 1044 1926 claffibus
1082 1869 1265 1925 omnia
1300 1864 1572 1927 fistemata
1597 1867 1835 1928 delinea·

223 1958 303 2015 vit
326 2004 340 2030 ‚
369 1955 655 2031 tabulaque
690 1951 935 2029 stupendi
975 1950 1170 2009 laboris
1188 1950 1539 2028 comparavit.
1572 1952 1638 2008 In
1668 1973 1836 2009 amoe-

217 2039 481 2098 nitatibus
543 2035 863 2094 academicis
911 2034 1164 2112 plurimas
1213 2032 1524 2091 accefforias
1576 2033 1838 2094 botanicae

218 2140 399 2201 partes
434 2119 725 2178 elucidavit
751 2165 768 2192 ,
792 2117 1138 2197 horologium
1166 2115 1311 2175 florae
1347 2163 1363 2190 ‚
1417 2116 1782 2175 calendarium
1810 2164 1831 2193 ,

218 2208 476 2265 arborum
522 2223 770 2284 gemmas
821 2250 842 2274 ,
887 2201 1150 2258 utilitates
1203 2200 1564 2272 oeconomicas
1617 2199 1837 2276 planta-

217 2312 340 2347 rum
418 2292 524 2346 &a
585 2287 641 2342 in
683 2284 973 2366 generibus
1012 2304 1152 2340 nova
1203 2282 1495 2358 plurima‘,
1537 2284 1831 2362 omniaque

216 2389 345 2430 ante
390 2369 611 2450 cognita
646 2389 711 2425 ex
750 2366 1019 2445 praecipuis
1054 2365 1324 2424 attributis
1362 2362 1673 2441 descripsit,
1697 2368 1830 2425 haec.

217 2477 323 2534 que
380 2452 631 2510 omnibus
685 2452 828 2509 notis
892 2466 986 2507 aut
1041 2448 1416 2526 proponendis.
1469 2445 1829 2518 ssstematibus

213 2534 668 2596 accommodavit.
695 2536 761 2591 In
780 2532 1052 2611 speciebus
1080 2531 1382 2609 plantarum
1405 2531 1472 2588 ad
1493 2529 1693 2607 species
1737 2553 1828 2588 an·
1911 2581 1913 2584 ,

217 2623 465 2699 tiquas&
502 2639 667 2674 novas
705 2615 1051 2688 numerosas5
1091 2614 1299 2691 phrases
1346 2613 1434 2672 seu
1475 2610 1830 2672 definitiones
1899 2651 1901 2653 ·

213 2705 508 2781 a'daequatas
562 2699 750 2777 quibus
797 2720 1015 2778 quaeque
1060 2696 1151 2754 sub
1203 2713 1340 2753 noto
1383 2717 1588 2777 genere
1644 2697 1830 2753 distin-

214 2788 402 2869 guitur
451 2780 727 2860 proposuit
778 2804 791 2838 :
859 2783 967 2859 jam
1019 2780 1338 2857 stupendum
1369 2779 1541 2836 'hunc
1579 2777 1824 2837 laborem

213 2872 562 2928 inchoaverat
601 2865 656 2920 in
690 2860 826 2921 flora
866 2863 1139 2939 Laponica
1172 2912 1186 2938 ,
1212 2860 1464 2934 Suecica‚
1502 2861 1774 2919 Zeilanica
1801 2908 1820 2935 ,

211 2956 280 3011 in'
313 2955 475 3007 horto
496 2943 804 3023 Upsalienfi
841 2991 858 3019 ,
904 2941 1253 3003 Cliffortiano
1284 2989 1299 3020 ,
1346 2948 1450 3001 &a
1493 2942 1589 3000 fed
1629 2942 1816 3020 postea

216 3036 441 3096 tutiores
508 3025 844 3090 differentias
913 3026 1244 3111 cognoscens
1279 3071 1300 3105 ,
1345 3028 1577 3107 priores‘
1609 3024 1827 3106 phrases*
