2007 3593
607 181 1454 254 DELPHINALIS.
1766 167 1794 240 ς’

170 299 209 350 3?
229 297 272 342 H
293 301 326 342 L
345 295 381 340 E
402 294 446 340 U
463 279 528 337 M.
726 284 916 336 Pratense
936 284 984 323 in
1002 280 1137 335 pratis
1155 274 1376 316 fertilibus
1393 272 1509 311 circa
1532 269 1576 308 la
1590 267 1737 309 Mure.

733 365 934 418 Alpinum
982 360 1029 400 in
1069 353 1205 411 pratis
1255 349 1412 403 alpinis
1445 346 1569 386 elatis
1604 375 1620 394 ,
1673 342 1790 383 circa

795 436 1078 491 Brigantium
1097 431 1137 469 &
1161 426 1283 470 alibi.

735 499 946 564 Nudofiun
967 512 1013 550 in
1035 504 1224 549 versuris
1245 512 1391 556 agror.
1413 495 1638 548 frequens.

187 603 224 656 Α
242 604 276 648 1.
292 603 332 647 Ο
349 604 381 646 P
399 601 434 644 E
451 602 486 645 C
501 599 544 645 U
559 600 660 648 RU
675 598 713 643 S.
739 595 906 638 Germ-cii
927 592 1046 632 circa
1063 586 1345 640 Brigantium
1368 581 1480 620 inter
1506 575 1688 628 Alpinas
1710 621 1725 639 5
1753 572 1793 611 sc

791 667 981 722 Vapinc.
1007 662 1127 717 spica
1142 651 1566 701 ovato-subrotunda
1601 646 1762 692 hirsuta
1786 679 1803 700 ,

799 745 930 789 radix
951 738 1156 782 bulbosa.

746 821 932 880 'Agrestis
953 821 1067 861 inter
1087 818 1208 858 olera
1240 815 1279 854 ὅτ
1302 812 1495 866 segetes.-
1521 807 1749 860 frequens.

756 894 1021 941 Geniculaucs
1045 895 1093 933 in
1112 885 1288 943 aquosls
1306 886 1437 940 pratis
1468 882 1586 924 circa
1606 882 1746 923 Alvar
1764 880 1805 920 δε

799 966 1172 1020 Gratianopolim.

761 1044 941 1086 Punicus
964 1042 1081 1082 circa
1109 1037 1215 1081 Buis
1231 1036 1270 1076 δε
1308 1035 1429 1078 circa
1451 1035 1594 1075 Deam
1614 1034 1804 1075 Vocuu-

812 1132 995 1162 tiorum·

210 1202 259 1250 M
277 1209 298 1247 l
317 1205 348 1246 L
368 1206 387 1244 l
410 1204 451 1245 U
470 1198 534 1245 M.
767 1186 1034 1250 Icadigerum
1066 1191 1179 1232 circa
1197 1186 1465 1239 Aubesagne
1492 1185 1608 1228 inter
1642 1183 1811 1239 segetes

820 1282 973 1312 rarior.

764 1346 959 1405 Effusum
1029 1347 1078 1386 in
1138 1342 1258 1388 silvis
1327 1340 1429 1393 maj.
1500 1334 1735 1383 Carthufiae
1795 1366 1812 1387 ,

829 1427 909 1468 8ῑο.

764 1502 993 1554 Consta-tum
1016 1500 1097 1540 vix
1117 1467 1156 1539 a.
1177 1491 1448 1550 praecedenti
1470 1488 1765 1543 distinguitur.

184 1592 187 1595 ’
213 1591 251 1637 A
269 1592 310 1635 G
331 1592 373 1635 R
393 1590 431 1634 O
451 1586 478 1632 S
491 1587 531 1629 T
552 1586 574 1626 I
593 1584 635 1627 S.
765 1575 888 1630 Spica
906 1577 1009 1615 venti
1030 1575 1144 1614 inter
1163 1569 1328 1622 segetes
1347 1564 1488 1607 Vallis
1501 1560 1789 1604 Gaudemaris
1801 1591 1815 1614 ‚

852 1654 937 1695 &c.

766 1735 992 1785 Interrupta
1010 1729 1122 1769 circa
1142 1725 1292 1768 Nions
1315 1720 1358 1765 δι
1380 1719 1488 1762 aiibi
1504 1719 1550 1758 in
1570 1710 1821 1755 calidiorib.

770 1807 1083 1862 Calamagrofiis
1107 1804 1162 1846 ad
1201 1801 1367 1842 radices
1398 1794 1615 1839 montium
1637 1784 1824 1844 glareos.

816 1886 940 1928 secus
955 1889 1170 1923 torrentes
1188 1875 1367 1927 ubique.

763 1959 904 2005 Rubra
923 1957 1046 1999 secus
1060 1965 1163 1995 arva
1179 1952 1216 1991 δι
1237 1960 1462 2006 pratorum
1483 1942 1696 1986 versuras,

784 2039 944 2081 canina
963 2036 1010 2075 in
1032 2029 1222 2089 versuris
1240 2028 1356 2069 circa
1372 2017 1742 2072 Gratianopolim.

781 2115 1027 2167 Stolonifera
1045 2112 1100 2154 ad
1125 2108 1292 2150 radices
1315 2102 1535 2149 montium
1555 2100 1603 2139 in
1625 2088 1831 2135 humidis.

789 2193 1015 2248 Capillaris
1042 2188 1162 2231 secus
1182 2197 1316 2238 aquas
1335 2185 1378 2224 in
1399 2178 1544 2234 pratis.

744 2300 746 2303 v
792 2269 910 2311 Alba
926 2269 1042 2310 circa
1060 2266 1319 2313 Vaulnarey
1348 2261 1386 2300 8<
1400 2256 1560 2300 Vizile.

785 2344 957 2387 Pumila
974 2343 1088 2383 circa
1105 2333 1482 2387 mont-Dauphin.
1499 2333 1543 2371 in
1578 2325 1783 2368 humidis-

788 2424 940 2468 Halleri
977 2424 1024 2464 in
1060 2415 1367 2461 cacuminibus
1401 2408 1620 2452 montium
1641 2401 1794 2456 apertis
1822 2430 1836 2450 ‚

841 2499 1017 2555 frigidis
1038 2528 1050 2547 ,
1074 2494 1127 2534 ad
1143 2483 1531 2535 Ch‘aillot-le-vieil
1554 2513 1565 2533 ‚
1584 2475 1841 2531 Valgaude-

848 2591 942 2622 mar
960 2610 971 2630 ‚
1008 2576 1136 2617 Mont
1156 2593 1173 2600 -
1197 2569 1379 2612 Geneve
1395 2595 1404 2612 ,
1428 2564 1508 2602 διε.

792 2653 966 2695 Minima
988 2651 1100 2690 inter
1115 2646 1281 2699 segetes
1305 2642 1342 2680 St
1370 2644 1416 2681 in
1464 2635 1627 2689 campis
1651 2622 1841 2673 arenosis

852 2731 968 2771 circa
989 2730 1188 2774 Romans
1210 2755 1221 2776 ‚
1261 2719 1512 2763 Vaientiam
1535 2746 1549 2768 ‚
1578 2714 1718 2768 primo
1741 2718 1844 2748 vere

865 2807 1042 2850 florens.

788 2884 1055 2939 ·Festucoides
1074 2881 1168 2922 vin.
1182 2878 1236 2921 ad
1250 2877 1420 2927 Noyer,
1437 2873 1489 2914 ad
1502 2866 1844 2923 Valgaudemar,

859 2967 905 3005 in
927 2963 1092 3016 aipium
1114 2957 1279 3001 detritis
1302 2986 1313 3004 ‚
1335 2952 1484 2994 terreis
1506 2984 1516 2999 ‚
1557 2943 1797 2998 syivaticis.

247 3054 282 3095 A
304 3053 323 3094 l
345 3050 387 3094 R
405 3052 455 3095 A.
797 3035 962 3080 Minuta
982 3035 1099 3075 circa
1113 3030 1396 3082 Vaulnarey‚
1440 3020 1611 3063 Prcmoi
1635 3050 1647 3071 ,
1686 3015 1767 3056 ἃς.

1488 3099 1523 3138 Λ
1559 3111 1576 3139 2
