2007 3593
1222 110 1246 123 x

269 237 339 295 14
891 225 937 284 F
976 240 1010 285 L
1050 244 1092 287 o
1129 243 1175 287 R
1214 243 1259 286 A

275 317 311 359 C
329 314 369 357 Ο
391 313 434 356 R
452 313 498 357 N
521 312 564 357 U
586 314 615 357 S
814 315 1052 373 Sanguinea
1075 321 1119 361 in
1140 321 1327 362 vallium
1346 314 1547 372 saepibus.

264 393 289 436 1
303 391 328 434 S
347 390 392 432 N
411 390 452 432 A
466 389 511 431 R
528 391 567 431 D
585 389 607 431 Ι
622 387 678 431 A.
812 389 1012 444 Palustris
1032 394 1148 435 circa
1189 394 1374 436 Pontem
1409 387 1681 434 Beauvoifin
1716 423 1730 447 ,
1766 390 1902 438 Ave.·

876 467 1019 508 nieres
1033 500 1045 521 ,
1072 468 1119 508 in
1136 467 1264 509 fossis.

265 541 306 586 T
323 541 367 584 R
385 540 426 583 A
443 540 475 583 P
499 539 553 581 A.
817 535 986 577 Natans
1027 539 1073 580 in
1112 541 1236 593 aquis
1254 539 1559 597 stagnantibus
1591 543 1709 586 circa
1727 543 1889 586 Hieres

869 614 1179 671 Gratianopol.

259 690 739 764 CAMPAOROSMA.
797 685 1104 746 Monspclienfis
1140 694 1317 738 circas.
1353 695 1538 739 Paulum
1563 693 1807 754 tricastrum
1839 695 1885 736 δε

872 768 1120 811 Arantium.

824 845 980 887 Glabra
1005 846 1123 887 circa
1142 845 1420 888 Rhodanum
1448 879 1460 900 ‚
1499 845 1554 886 ad
1575 846 1851 888 Pierrelatte.

260 925 298 966 A
314 924 350 966 L
369 926 403 967 C
417 924 461 966 H
481 924 516 967 E
536 925 586 967 M
606 925 629 967 I
647 924 680 968 L
697 923 732 964 L
752 921 804 966 A.
831 920 878 964 V
874 926 1024 976 algaris
1070 921 1118 962 in
1188 923 1324 977 pratis
1377 921 1552 977 frigidis
1607 922 1664 964 ad
1721 922 1894 964 radices

863 999 1101 1041 montium.

808 1074 971 1128 Alpina
998 1076 1046 1117 in
1084 1076 1255 1130 pascuis
1294 1074 1544 1119 boxealibus
1586 1075 1718 1129 pratis
1752 1085 1887 1116 mon·

869 1149 985 1195 tofis.

816 1228 1118 1285 Pentaphyllea
1137 1232 1183 1272 in
1201 1229 1384 1276 summis
1418 1235 1584 1289 alpium
1613 1228 1779 1275 nivosis
1797 1218 1901 1271 hu?>

864 1305 998 1347 midis
1015 1306 1291 1359 planioribus
1331 1307 1544 1360 pultaceis
1564 1338 1577 1359 ,
1604 1309 1718 1348 circa
1736 1304 1882 1347 scatu-

861 1383 1029 1436 rigines
1064 1382 1270 1423 nivarum
1306 1380 1435 1435 super
1492 1381 1876 1438 Mont—de-Lans‚

861 1462 950 1504 val.
977 1461 1231 1504 Gaudemar
1249 1494 1261 1516 ,
1277 1461 1571 1516 Brigantium.

250 1544 288 1589 A
320 1546 351 1586 P
366 1544 411 1585 H
433 1541 470 1584 A
491 1540 538 1582 N
559 1538 593 1581 E
610 1538 653 1585 S.
812 1538 1006 1595 'Arvenfis
1026 1540 1073 1580 in
1097 1542 1212 1582 arvis
1231 1539 1347 1579 inter
1363 1538 1545 1592 segetes.

253 1623 291 1666 B
309 1622 350 1665 U
371 1621 405 1663 F
426 1621 465 1662 O
484 1618 525 1660 N
550 1616 641 1659 IA.
810 1615 1051 1668 ,Tenuifolia
1083 1619 1129 1658 in
1165 1617 1280 1658 arvis
1320 1617 1452 1657 aridis
1480 1614 1739 1657 monticulis
1758 1645 1771 1667 ,
1814 1614 1871 1656 ad

862 1703 1045 1746 pontem
1062 1692 1191 1735 Claix
1208 1693 1350 1742 ,circa
1365 1692 1629 1747 Vapineum‚
1658 1689 1891 1744 frequens'

247 1777 284 1820 C
301 1773 347 1817 U
364 1773 390 1816 S
407 1774 441 1816 C
458 1772 501 1815 U
523 1770 565 1814 T
585 1771 641 1814 A,
804 1764 1009 1819 Europam
1029 1766 1076 1806 in
1106 1766 1222 1808 arvis
1240 1766 1397 1820 apricis
1438 1765 1802 1809 meridionalibus
1826 1764 1866 1804 ὅτ

859 1844 1044 1900 pascuis,

151 1893 158 1900 ·
244 1925 343 1968 HY
362 1925 395 1966 P
418 1923 452 1965 E
476 1922 511 1964 C
534 1920 573 1962 O
593 1920 728 1970 UVM.
802 1918 1076 1961 Procumbens
1098 1919 1145 1960 in
1169 1917 1422 1961 australibus
1441 1922 1556 1963 circa
1579 1920 1845 1975 Galloprove

245 2001 266 2043 1
297 2002 328 2040 L
354 2000 389 2041 E
429 2000 487 2041 X,
626 2006 629 2009 ’
792 1993 1057 2045 Aquij‘olium
1077 1994 1123 2032 in
1141 1993 1396 2034 nemoribus
1412 1994 1530 2034 circa
1548 1991 1862 2045 Gratianopol.

244 2072 727 2122 POTAMOGETON.
790 2069 956 2111 Natam
978 2073 1025 2111 in
1045 2071 1168 2123 aquis
1190 2072 1310 2113 lente
1329 2063 1567 2114 fluentibus
1585 2070 1702 2111 circa
1714 2069 1869 2124 Bourg

846 2146 1053 2189 d’Oizans
1073 2177 1086 2198 ,
1109 2146 1158 2187 in
1174 2143 1303 2186 foffis.

797 2225 1129 2277 Perfoliatumin
1145 2223 1261 2266 fossis
1292 2224 1330 2264 Sc
1351 2223 1549 2267 lacubus.

797 2302 979 2355 Densum
998 2304 1045 2343 in
1081 2303 1204 2355 aquis
1226 2302 1477 2355 purioribus
1495 2303 1675 2355 ubique.

800 2381 961 2423 Iacens
984 2388 986 2391 ’
1017 2382 1067 2423 in
1135 2382 1260 2436 aquis
1315 2379 1683 2435 profundioribus
1745 2381 1860 2421 circa

856 2456 1087 2499 Alcemon.

801 2511 980 2565 Crispum
997 2514 1112 2552 circa
1145 2509 1452 2561 Gratianopol.
1474 2507 1521 2548 in
1543 2505 1672 2551 foffis,

802 2589 1002 2631 Ser-ratum
1017 2587 1142 2637 iuxta
1157 2587 1446 2628 Rhodanum.

788 2660 989 2715 Pufillum
1021 2660 1068 2701 in
1103 2656 1265 2713 stagnis
1304 2661 1344 2700 &c
1396 2660 1597 2702 [acubus
1632 2659 1854 2705 montium

843 2733 1003 2777 Oisans
1025 2766 1038 2787 ‚
1067 2733 1119 2773 ad
1142 2732 1448 2776 Ehrodunurn.
1818 2782 1823 2787 κ

237 2823 261 2866 S
282 2821 321 2865 A
337 2819 376 2863 G
389 2818 415 2861 1
433 2818 477 2864 N
496 2819 551 2862 A.
801 2812 1070 2854 Procumbens
1081 2813 1195 2853 circa
1217 2825 1367 2855 muros
1377 2815 1604 2859 umbrosos
1626 2817 1680 2860 ab
1693 2808 1850 2861 rad'en·

863 2893 980 2934 tibus
1010 2891 1317 2946 Gratianopol.

788 2969 969 3023 Asataza
988 2971 1089 3012 hab.
1119 2972 1168 3012 in
1201 2972 1364 3024 campis
1391 2970 1581 3017 arenofis
1596 2972 1718 3016 secus
1741 2973 1847 3017 Vias

837 3047 891 3089 ad
908 3050 1300 3104 pont-en-Royans
1315 3081 1330 3105 ‚
1357 3050 1435 3093 &c.
