2007 3593
591 179 1423 250 D'ELPH‘INALIS.
1692 211 1800 269 107

217 279 503 331 CAREX.
771 282 986 338 Veficaria.
1021 284 1069 325 in
1108 287 1229 337 aquis
1266 288 1377 340 prati
1414 287 1596 333 declivis
1618 292 1806 337 vallium

820 359 1045 413 frequens.

757 436 893 482 Hirta.
922 442 971 480 in
1009 442 1142 494 pratis
1177 441 1367 482 humidis
1401 446 1451 482 du
1493 442 1634 497 Noyer
1663 477 1694 498 ,Ι
1717 463 1804 493 aux

818 515 944 576 Balcx
973 519 1118 572 potius
1152 516 1292 572 pilosa
1322 517 1399 563 est.
1426 519 1624 574 Caplulis
1643 535 1804 565 ovato-

815 594 1039 648 oblongis.

759 669 1080 724 Hordeiflychos.
1125 662 1172 714 i'n
1214 674 1394 727 petrofis
1428 676 1548 719 secus
1588 689 1803 724 torrentes

811 751 1032 802 vallium,
1073 756 1124 792 du
1167 750 1438 807 Champfizur,
1483 753 1801 809 Saint-Julien,

807 816 1016 880 Bui'ffard,
1038 827 1271 873 Chabottcs.
1288 830 1604 886 Affinisparum
1622 834 1805 887 praeced.

815 904 887 948 sed
928 906 1059 961 spicis
1102 909 1239 963 duplo
1282 909 1800 971 craffioribus‚‚capsulis

364 993 367 996 ·
812 984 1058 1038 compressis
1080 1018 1092 1039 ‚
1134 986 1258 1028 hirtis
1278 1021 1290 1040 ‚
1322 988 1495 1030 serratis
1525 987 1687 1030 differt.

161 1054 506 1102 'BETULA.
747 1053 878 1099 Alba.
921 1059 967 1097 in
1006 1056 1199 1099 saltubus
1243 1072 1459 1113 aquarum
1506 1062 1545 1101 &
1585 1059 1705 1102 silvis
1742 1061 1800 1104 ad

803 1132 970 1174 radices
992 1135 1154 1187 alpium
1179 1139 1381 1177 omnium
1406 1137 1627 1190 frequens

747 1206 906 1250 'Alnusu
943 1209 995 1249 in
1018 1209 1210 1251 humidis
1250 1208 1371 1251 secus
1407 1212 1575 1251 rivulos
1599 1209 1798 1263 ubique;

793 1288 984 1329 varietas
1019 1286 1142 1329 foliis
1177 1285 1355 1329 hirsutis
1407 1287 1608 1335 nondum
1652 1285 1798 1340 gluti-

798 1359 918 1402 nosis
956 1395 968 1416 ‚
1022 1364 1186 1403 cortice
1219 1346 1332 1403 ‘albo
1371 1361 1469 1402 laevi
1506 1393 1520 1413 ,
1580 1360 1794 1403 humiliot

796 1435 926 1488 ligno
948 1435 1169 1478 teneriore
1188 1436 1234 1475 in
1252 1436 1443 1477 vallibus
1468 1451 1477 1475 :
1498 1437 1585 1478 alia
1606 1436 1755 1478 minor
1780 1467 1798 1488 ,

802 1515 955 1558 viridis
977 1550 989 1571 ‚
1033 1515 1155 1556 foliis
1193 1513 1301 1569 saepe
1337 1511 1567 1568 glutinosis
1601 1513 1793 1567 glabris,

792 1606 949 1650 argute
1001 1593 1174 1637 serratis
1221 1629 1232 1649 ,
1305 1593 1544 1634 viminibus
1609 1590 1793 1632 flexibi-

801 1676 950 1731 libus,
1006 1676 1055 1715 in
1096 1673 1267 1727 alpibus
1323 1670 1609 1725 frigidiffimis
1663 1667 1790 1712 locis.

794 1751 901 1794 Haec
923 1764 948 1794 a
981 1750 1184 1806 seguiero
1227 1750 1268 1788 &
1309 1749 1357 1790 C.
1388 1745 1596 1789 Bauhino
1617 1751 1789 1784 tanturn

745 1575 767 1590 q

796 1837 968 1869 notata.

184 1905 222 1948 Β
245 1906 286 1951 U
302 1905 344 1949 X
359 1904 402 1948 U
416 1905 458 1950 S.
741 1901 1049 1956 Semper-virens.
1078 1904 1126 1943 in
1146 1902 1342 1955 planitiei
1361 1900 1586 1943 montibus
1608 1901 1648 1941 ει
1669 1898 1786 1943 silvis

710 2031 715 2035 ,
793 1983 1020 2038 ἱεεᾳυεηε.
1175 2019 1180 2022 .

179 2054 222 2097 U
236 2055 280 2098 R
293 2055 330 2099 T
343 2054 365 2099 1
381 2058 415 2101 C
428 2056 481 2103 A.
499 2055 505 2060 ’
724 2057 954 2107 Ρίῑυιὶβὲνα.
977 2060 1090 2100 circa
1110 2057 1524 2101 sancium-Paulum
1543 2052 1785 2096 tricastrum

789 2134 904 2175 circa
937 2146 1085 2175 muros
1115 2133 1154 2173 &
1188 2133 1407 2180 ruderata,

737 2207 878 2250 Urens.
930 2210 978 2250 in
1011 2210 1130 2251 urbis
1170 2209 1382 2252 ruderatis
1422 2212 1463 2250 δε
1499 2207 1656 2252 fimetis
1693 2207 1780 2248 fre-

823 2301 945 2331 uens.

733 2301 899 2406 Digica.
957 2364 1006 2404 in
1062 2362 1272 2412 ruderatis
1325 2362 1367 2402 δε
1419 2357 1536 2400 filvis
1595 2357 1772 2412 petrofis

787 2434 1014 2478 umbrosis.

173 2510 222 2556 Μ
238 2511 278 2556 O
294 2512 336 2556 R
351 2512 392 2556 U
410 2513 451 2555 S.
729 2509 859 2553 'Atha
893 2511 1013 2550 cicur
1028 2543 1039 2564 ,
1063 2510 1111 2550 in
1133 2509 1248 2563 agris
1276 2509 1315 2547 δι
1337 2506 1612 2548 ambulacris.

720 2584 869 2643 N1gra.
904 2587 950 2626 in
975 2585 1094 2626 urbis
1137 2582 1273 2624 hortis
1299 2584 1338 2622 &
1361 2582 1638 2634 circa-pagos
1666 2574 1768 2620 sata.

171 2658 213 2704 Χ
226 2659 263 2702 Α
280 2661 324 2703 N
342 2662 380 2705 T
395 2662 437 2706 H
450 2663 471 2706 1
486 2663 526 2707 U
542 2664 604 2706 M.
718 2659 999 2703 Strumarium.
1033 2662 1080 2701 in
1100 2659 1311 2702 ruderatis
1330 2656 1451 2699 secus
1473 2654 1771 2707 Gratianopo-

776 2739 854 2780 lim
885 2739 939 2780 ad
969 2737 1106 2779 Gletes
1127 2771 1139 2789 ‚
1169 2739 1251 2780 διο.

170 2809 698 2863 AMARANTHUS.
735 2811 970 2855 Oleraceus.
1013 2815 1126 2855 inter
1160 2816 1281 2858 olera
1321 2816 1367 2855 in
1403 2815 1550 2855 hortis.

727 2890 899 2932 Blnum.
939 2891 1055 2932 inter
1090 2894 1210 2934 olera
1248 2893 1287 2931 δε
1312 2893 1448 2932 valles
1486 2886 1770 2936 succulenta.

718 2964 888 3016 Variam.
934 2966 983 3010 in
1022 2968 1190 3016 moenia
1237 2967 1581 3024 Gratianopoli,
1612 2967 1689 3010 ὕες.
