2007 3593
239 227 275 266 2

200 233 554 361 {ARLINA.

386 489 392 511 l

194 1331 677 1385 CARTHAMUS.

189 1666 480 1715 EIDENS.

187 2154 524 2200 CACALIA.

812 226 859 284 F
898 244 931 287 L
974 244 1016 288 o
1053 245 1099 287 R
1139 241 1183 286 A

740 329 924 374 ornata,
973 321 1102 362 radix
1137 331 1287 362 recens
1342 321 1526 367 odorem
1550 325 1802 382 &ingratum

807 397 985 450 spargit.

757 471 1013 524 Chardouffie.
1045 474 1092 513 in
1131 474 1297 527 pascuis
1326 477 1547 517 montium
1584 476 1794 518 meridio-

805 549 972 598 nalium
1009 548 1063 588 ad
1092 547 1206 599 Die,
1242 549 1563 608 Valgaudemar‚
1613 554 1791 607 Champ-

791 624 898 674 saur
921 658 933 677 ,
957 613 1162 678 ‘Vapinci
1181 655 1194 676 ,
1234 627 1462 669 Ebroduni
1486 661 1497 682 ,
1543 630 1625 669 ὅτε.
1665 630 1795 673 Folia

804 703 900 744 fere
934 703 1144 756 acanthi,
1184 715 1287 745 vere
1331 716 1509 758 propter
1545 717 1795 748 tomentum

801 781 965 822 incana
997 812 1010 833 ,
1053 778 1231 821 sinubus
1265 780 1359 822 fere
1408 799 1448 832 4.
1483 782 1539 823 ad
1579 786 1616 826 6.
1650 784 1799 825 utrin-

804 871 917 912 que,
948 871 1127 900 exarata
1149 872 1282 912 quam
1306 861 1351 900 in
1374 860 1634 914 praecedenti
1666 861 1798 914 triplo

804 939 981 980 latiora.
1036 940 1383 993 Receptaculum
1444 939 1572 981 edule
1614 952 1626 977 ε
1666 937 1797 979 radix

808 1011 1043 1055 sudorifica
1066 1048 1078 1069 ‚
1114 1017 1352 1056 aromatica
1373 1026 1549 1069 ,gi-ata.

760 1082 1008 1139 Corymbosa.
1047 1089 1163 1129 circa
1187 1089 1416 1130 Aranrium
1443 1121 1457 1143 ‚
1499 1088 1736 1131 Pierrelate.

757 1165 964 1222 Vulgaris.
1016 1169 1064 1209 in
1109 1168 1278 1223 pascuis
1318 1169 1450 1211 aridis
1490 1173 1712 1214 montium
1753 1173 1796 1213 ὅτ

796 1245 921 1286 secus
959 1249 1065 1287 viaS.
1775 1242 1777 1244 ’

745 1338 949 1383 lanatus.
982 1343 1028 1382 in
1061 1343 1217 1400 apricis
1249 1341 1534 1382 calidioribus
1569 1339 1626 1382 ad
1650 1341 1791 1394 Vars,

800 1419 1050 1471 Vapincum
1071 1451 1083 1471 ,
1123 1417 1245 1458 secus
1277 1418 1385 1458 vias.

755 1492 1061 1534 Carduncellus.
1100 1494 1145 1533 in
1180 1494 1439 1535 monticulis
1470 1495 1584 1536 inter
1606 1495 1788 1549 vineas,

799 1587 882 1611 aux
920 1571 1077 1623 Bam,
1118 1571 1159 1612 la
1188 1571 1346 1615 Roche.

739 1668 983 1722 Tripartita.
1021 1673 1067 1710 in
1104 1667 1218 1710 foffis
1258 1666 1422 1709 limosis
1460 1670 1577 1710 circa
1612 1667 1791 1712 Gratia·
1822 1723 1823 1726 Ἴ

799 1747 1003 1801 nopolim
1036 1748 1075 1787 8<
1110 1748 1215 1788 alibi
1248 1746 1474 1800 frequens.

741 1820 931 1863 Minima.
988 1823 1036 1862 in
1071 1817 1244 1872 aquosis
1287 1822 1400 1861 circa
1447 1818 1700 1872 Allemont,
1746 1824 1791 1864 la

790 1900 931 1955 plaiae
960 1899 1177 1953 d'Oisans.

746 1978 916 2021 Cornua.
983 1979 1029 2018 in
1084 1977 1202 2019 foffis
1257 1978 1544 2021 calidioribus
1589 2012 1604 2033 ‚
1649 1991 1789 2035 prope

791 2058 990 2100 Romans
1013 2090 1026 2111 ,
1058 2057 1324 2099 Valentiam.

735 2153 909 2207 Alpina.
947 2155 996 2193 in
1030 2153 1187 2206 alpinis
1225 2151 1437 2195 umbrosis
1473 2153 1590 2195 inter
1625 2153 1805 2205 fissuras,

791 2234 967 2285 rupium
1017 2264 1030 2284 ‚
1108 2231 1442 2283 Valgaudemar
1490 2266 1504 2287 ,
1577 2231 1736 2276 Oisans
1772 2264 1789 2285 ‚

794 2311 946 2352 Alvar.

742 2387 913 2437 Glabra.
970 2390 1018 2428 in
1057 2384 1264 2441 glareosis
1320 2388 1561 2430 mobilibus
1621 2386 1786 2441 alpimn

792 2460 1152 2514 frequentiffima.

740 2534 1003 2588 Tomentosa,
1039 2537 1087 2576 in
1137 2536 1308 2590 alpibus
1339 2534 1528 2587 Oisans,
1558 2549 1610 2574 aa
1635 2532 1783 2574 Mont-

781 2611 964 2653 de-Lans
983 2645 996 2664 ‚
1033 2611 1146 2662 Huc(
1168 2603 1191 2663 ,⁴
1207 2609 1292 2649 Lac
1313 2614 1358 2648 de
1385 2608 1547 2648 Braude
1569 2638 1582 2657 ‚
1622 2607 1705 2646 &c-

184 2695 218 2737 Ε
230 2693 272 2736 U
287 2694 319 2735 P
337 2691 376 2734 A
389 2694 427 2736 T
442 2694 480 2736 O
494 2694 536 2735 R
549 2693 571 2735 Ι
584 2692 625 2735 U
639 2691 703 2733 M.
738 2689 1025 2731 cannabinum.
1055 2687 1103 2726 in
1133 2687 1240 2725 locis
1271 2685 1458 2725 humidis
1487 2683 1708 2737 frequens,
1777 2720 1783 2726 .

185 2773 221 2814 C
236 2771 278 2812 H
295 2771 382 2812 RY
399 2772 424 2812 S
441 2771 478 2812 O
494 2772 528 2812 C
543 2771 580 2812 O
595 2773 642 2813 M
656 2772 710 2813 Α.
739 2768 959 2820 LinofyriS.
997 2767 1043 2806 in
1078 2763 1305 2805 montibus
1337 2761 1464 2802 editis
1499 2759 1779 2813 temperatio·
1857 2811 1860 2816 ,

182 2919 682 2965 TANACETUM.

792 2842 910 2881 ribus
929 2872 941 2893 ‚
959 2835 1264 2888 Gratianopoli
1279 2867 1291 2887 ‚
1327 2830 1460 2885 Crest,
1478 2830 1673 2884 Laureol,
1693 2833 1773 2878 Sec,

746 2914 930 2969 Vulgare
966 2913 1012 2952 in
1043 2909 1212 2964 pascuis
1247 2911 1286 2949 δε
1319 2905 1438 2947 secus
1463 2906 1552 2947 vias
1588 2906 1644 2949 ad
1664 2905 1776 2967 Loxe

789 3000 925 3046 prope
944 2987 1199 3040 Vapincum
1216 3016 1230 3039 ,
1267 2984 1479 3028 MoixanS·
