2007 3593
263 148 339 223 ῖς
788 155 793 159 ’
861 155 913 218 F
961 172 996 215 L
1016 166 1076 217 'o
1114 161 1163 220 'R'
1196 158 1247 218 'AE
1747 223 1751 237 s
1821 220 1825 225 .

267 242 485 295 SEDUM.
595 247 605 270 ³
805 244 1168 312 'Mnacampsbror
1208 258 1257 298 in
1280 251 1492 299 umbtofis
1531 239 1698 311 'eipium
1729 262 1877 314 prop&

869 329 1018 384 sylvas
1060 333 1100 372 81
1131 332 1210 374 ubi
1242 326 1431 386 pecudes
1458 327 1730 385 reponuntur
1749 334 1872 378 horis

876 404 1135 446 meridianis
1155 405 1457 450 calidioribus·

817 478 981 535 fCepaea.
1000 483 1048 523 in
1067 481 1186 525 silvis
1201 483 1414 527 umbrofis
1428 515 1441 539 ‚
1462 483 1518 527 ad
1530 485 1719 541 Premol,
1733 487 1880 530 Vaut*

884 573 1040 613 nareys
1058 596 1071 616 ‚
1095 563 1176 606 ὅτε,

822 633 1124 690 Dasjrphillum.
1158 638 1185 679 s
1182 652 1288 693 upra
1309 651 1460 682 muros
1479 640 1686 694 antiquos
1703 639 1870 693 pluviis

876 709 1096 767 expositos
1118 746 1130 766 ,
1168 714 1348 767 ubique.

820 785 1066 837 'Reflexum
1084 785 1137 828 ad
1166 787 1332 828 radices
1371 788 1591 831 montium
1618 790 1737 832 circa
1757 790 1871 834 Gra-

878 863 1049 917 tianop.
1074 864 1113 903 Sc
1130 862 1236 906 alibi
1251 862 1477 917 frequens.

825 940 1031 994 Rupestre.
1063 953 1163 983 cum
1201 942 1374 996 preced.
1407 941 1484 984 sed
1516 945 1658 985 rarior
1692 977 1706 997 ,
1759 943 1879 989 folia'

882 1017 1040 1070 glauca
1061 1014 1299 1070 compressa
1321 1027 1412 1055 non
1438 1016 1616 1068 teretia,
1637 1015 1764 1059 flores
1781 1020 1878 1063 albi

882 1086 1028 1131 obtufi
1052 1101 1143 1129 non
1171 1089 1279 1129 lutei
1303 1089 1433 1132 acuti.

920 1161 976 1218 β.
1012 1164 1212 1207 Occurrit
1231 1166 1422 1206 varietas
1456 1177 1513 1206 an
1537 1165 1654 1207 forte
1685 1164 1881 1220 species!

936 1243 1087 1284 minor
1105 1275 1117 1296 ‚
1151 1243 1270 1285 foliis
1287 1244 1553 1286 acutioribus
1569 1277 1580 1296 ,
1601 1245 1752 1297 petalis
1772 1255 1871 1286 cau-

938 1318 1050 1359 datis
1083 1331 1138 1360 ex
1171 1318 1302 1361 viridi
1341 1319 1661 1362 albescentibus
1681 1351 1696 1375 ,
1741 1329 1881 1373 prope

953 1390 1140 1445 Sigoyer.

834 1470 1008 1514 Ἆῑένιιιη.
1029 1470 1197 1523 ubique
1215 1471 1262 1512 in
1276 1474 1411 1513 muris
1426 1473 1465 1513 ὅτ
1484 1471 1635 1514 fiffuris
1652 1473 1846 1527 rupium.

829 1548 956 1594 'Acret
980 1549 1033 1591 ad
1049 1548 1215 1590 radices
1233 1549 1408 1602 rupium
1428 1549 1466 1588 ετ
1485 1549 1531 1599 in
1552 1545 1730 1602 petrosis
1751 1546 1882 1589 aridis

889 1630 1007 1668 circa
1027 1624 1336 1677 Gratianopol.
1363 1624 1403 1663 ὅτ
1426 1623 1531 1665 alibi
1547 1622 1755 1676 frequens
1771 1624 1885 1667 folia

895 1715 1032 1746 ovato
1045 1703 1334 1758 triangularia
1356 1700 1748 1756 compreffiuscula.

831 1777 1133 1834 sexangulam.
1153 1788 1253 1818 cum
1266 1774 1529 1830 precedente
1542 1807 1556 1829 ,
1579 1776 1715 1817 autin
1734 1776 1883 1818 minus

901 1854 1053 1896 calidis
1097 1852 1205 1894 locis
1237 1886 1248 1908 ‚
1309 1851 1429 1893 foliis
1467 1852 1675 1895 teretibus
1713 1852 1885 1897 densio-

896 1919 1036 1972 ribus.

840 2006 1056 2050 Ἆηηιιιιιη.
1095 2005 1153 2049 fic
1181 2018 1296 2048 voco
1329 2005 1451 2060 quod
1489 2009 1537 2047 in
1559 2007 1722 2060 alpium
1757 2008 1883 2064 rivu-

891 2084 945 2124 lis
991 2083 1031 2122 8<
1067 2079 1275 2136 giareofis
1310 2098 1326 2130 ς
1361 2080 1521 2123 Orciere
1558 2114 1573 2136 ,
1628 2084 1886 2138 Valgaude-

900 2165 997 2196 mar
1025 2188 1036 2208 ‚
1092 2152 1203 2195 folia
1250 2152 1449 2196 distantia
1498 2156 1650 2198 teretia
1703 2172 1712 2195 :
1759 2155 1896 2200 flores-

900 2229 1112 2273 axillares
1152 2229 1200 2269 in
1239 2241 1367 2282 cyma
1396 2243 1435 2273 2.
1471 2245 1506 2286 3.
1536 2229 1568 2271 s.
1590 2247 1629 2281 4·
1660 2228 1746 2271 fida
1790 2229 1887 2272 fere

902 2303 935 2348 s.
956 2303 1098 2346 atrati.
1119 2302 1194 2345 seu
1239 2303 1423 2345 craffulae
1452 2303 1647 2347 rubentis
1675 2304 1702 2346 1.
1744 2303 1890 2356 petala

909 2384 1044 2424 lutea.
1098 2420 1102 2423 ,

839 2454 1063 2506 {Vzllosum
1110 2459 1156 2500 in
1197 2457 1331 2510 pratis
1393 2454 1582 2498 humidis
1611 2452 1805 2498 herbosis
1836 2459 1886 2496 de

901 2531 1017 2574 Lans
1041 2564 1056 2587 ,
1086 2533 1326 2585 Corranson.

844 2607 1058 2653 'Ata-asum.
1079 2612 1126 2652 in
1144 2609 1323 2651 summis
1338 2609 1499 2663 alpium
1521 2608 1684 2653 nivofis
1701 2611 1896 2654 humidis

907 2688 1063 2740 Oifans
1092 2721 1106 2741 ,
1167 2687 1489 2742 Valgaudemar
1544 2719 1557 2742 ,
1606 2692 1659 2729 du
1717 2687 1900 2743 cham}-

300 2843 525 2897 OXAHS.
867 2840 1124 2897 ‘Acetofi-l'ba.
1156 2843 1204 2886 in
1222 2841 1474 2888 nemoribus
1497 2841 1537 2883 δε
1555 2840 1741 2896 saepibus
1766 2841 1892 2887 umb-
