2007 3593
633 157 1331 224 DEL‘PHINALIS:
1729 185 1798 249 13

178 240 223 288 G
242 243 281 289 A
302 244 334 290 L
356 245 384 291 Ι
390 247 434 293 U
454 249 517 293 M.
741 252 889 298 Verum
907 255 1008 298 hab.
1033 258 1079 297 in
1106 261 1239 311 pratis
1261 258 1529 303 siccioribus,

738 329 930 384 Mollugo
953 330 1089 375 habit.
1109 332 1156 372 in
1175 332 1364 374 versuris
1386 332 1511 377 secus
1531 336 1636 379 vias.

735 399 990 456 Sylvaticum
1037 405 1139 447 hab.
1181 406 1227 445 in
1249 405 1364 447 silvi-¹,
1394 404 1433 448 δ’(
1471 393 1722 452 nemo'ri'bus
1746 413 1818 468 ita·

799 496 917 526 voco
950 484 1008 527 G.
1061 483 1213 526 album
1265 486 1506 528 latifolium
1548 487 1798 544 ramosum,

790 550 994 612 Tournefi
1015 564 1140 604 caule
1161 564 1298 604 debili
1324 566 1519 618 alto‚vix
1541 576 1778 619 tetragono
1795 601 1810 623 ‚

791 649 940 680 tamen
963 653 1052 681 non
1069 641 1197 682 tereti
1219 676 1232 696 ,
1267 643 1403 683 debili
1427 674 1442 696 ,
1481 645 1558 686 ὅτε.
1708 629 1712 633 ’

747 710 946 755 Glaucum
981 714 1082 755 hab.
1130 714 1175 754 in
1245 717 1376 768 pratis
1424 716 1725 760 artificialibus
1778 717 1820 759 8<

795 782 1055 825 australibus
1097 784 1153 826 ad
1201 787 1369 839 radices
1416 789 1640 830 montium
1658 821 1674 840 ‚
1699 789 1815 833 folia.

794 864 957 916 glauca
978 896 991 918 ‚
1027 865 1172 905 caules
1191 875 1301 905 teres
1314 879 1328 919 ,·
1355 868 1441 919 gal.
1462 870 1821 920 campanulatum

798 940 907 982 alias
935 939 1182 983 nominavi.
1562 994 1565 997 K

753 1014 929 1058 Boreale
960 1029 1025 1058 1n,
1048 1019 1181 1072 pratis
1217 1020 1408 1062 humidis
1431 1022 1652 1064 montium
1675 1038 1684 1062 :
1707 1021 1821 1064 folia

819 1091 1032 1132 trinervia
1065 1092 1421 1148 ovato-oblonga
1437 1125 1449 1146 ‚
1469 1094 1631 1141 studius
1650 1095 1827 1150 hispidi.

753 1166 934 1222 'Aparine
954 1171 1067 1212 inter
1083 1169 1252 1226 segetes
1278 1172 1316 1212 8<
1338 1173 1390 1213 in
1414 1173 1601 1226 sepibus,

755 1240 975 1297 Parifienfe
995 1245 1041 1285 in
1062 1240 1270 1298 glareosis
1294 1245 1335 1285 ὅτ
1353 1244 1564 1288 sabulosis
1585 1247 1704 1289 circa
1721 1246 1827 1290 Gra-

820 1315 1039 1370 tianopol.

760 1389 1074 1442 Austrzacumin
1096 1389 1399 1442 maicarthus·
1427 1392 1672 1442 montibus,
1692 1393 1834 1432 caulis
1909 1380 1931 1427 ,'

818 1470 956 1511 rebius
976 1469 1114 1517 :folia
1135 1471 1289 1525 glabra
1313 1468 1670 1525 argentea‚flores
1695 1486 1732 1524 3.
1751 1467 1831 1511 fidi

823 1547 916 1590 fere
938 1548 1166 1589 umbellati
1187 1582 1198 1601 ‚
1232 1548 1335 1590 albi.

767 1617 1101 1672 Rotundifhlinm
1117 1625 1163 1663 in
1184 1621 1299 1664 silvis
1322 1624 1489 1678 alpium
1516 1618 1746 1664 umbrofis.

203 1698 648 1745 CRUCIANELLA.
764 1699 1050 1756 Angusttfolia
1072 1702 1189 1742 circa
1213 1701 1484 1743 Valentiam.

764 1771 973 1825 Latisolia
994 1775 1108 1815 circa
1127 1775 1351 1817 Viennam
1376 1807 1389 1827 ,
1424 1774 1464 1816 S.
1488 1773 1723 1818 Rambert.

138 1879 141 1882 .
209 1844 311 1888 RU
330 1847 364 1888 B
388 1849 408 1889 I
425 1849 478 1892 A.
758 1832 995 1892 Tinc‘t'orizm
1014 1854 1129 1893 circa
1155 1854 1424 1897 Valentiam.

765 1925 985 1981 Peregrina
1030 1931 1145 1973 circa
1177 1930 1488 1986 Gratianopol.
1511 1932 1566 1975 ad
1588 1932 1829 1988 Tronche‚·

810 2003 857 2045 in
879 2003 1067 2059 sepibus,

215 2072 246 2121 P
264 2076 297 2120 L
314 2076 353 2120 A
376 2081 423 2122 N
453 2077 491 2120 T
508 2078 547 2122 A
573 2077 612 2122 G
636 2080 689 2124 Ο.
757 2078 901 2131 Major
913 2081 1080 2135 ubique
1099 2084 1145 2125 in
1165 2073 1448 2135 ambulacris,

758 2156 905 2198 Media
926 2160 1088 2214 ubique
1109 2163 1157 2202 in
1174 2167 1321 2223 pratis.

767 2230 1012 2275 lanceolata
1031 2236 1195 2290 ubique
1213 2239 1257 2279 in
1278 2240 1410 2292 pratis
1434 2243 1570 2284 elatis.

775 2305 934 2360 Alpina
957 2309 1003 2349 in
1045 2312 1302 2353 nemoribus
1342 2315 1382 2354 δε
1418 2313 1588 2367 pascuis
1623 2316 1819 2363 umbross

822 2385 979 2437 alpinis
998 2419 1009 2439 ‚
1040 2385 1261 2440 frequens.

780 2456 1084 2511 Coronuffl'fhlia
1104 2461 1148 2500 in
1164 2461 1422 2506 australibus
1443 2469 1627 2521 pascuis.

777 2528 1008 2583 Serpenzina
1027 2533 1071 2573 in
1095 2533 1262 2587 pascuis
1287 2539 1477 2582 humidis
1501 2546 1734 2599 argillosis.

788 2603 989 2658 Psyllium
1019 2610 1063 2649 in
1086 2613 1247 2666 campis
1268 2614 1399 2656 aridis
1429 2620 1727 2664 calidioribus.

790 2679 950 2735 Cynups
975 2686 1017 2725 in
1039 2687 1204 2739 pascuis
1223 2691 1353 2732 aridis
1383 2697 1617 2737 montium.

232 2753 699 2808 CENTUNCULUS.
780 2756 981 2800 Minimus
1008 2763 1119 2803 inter
1142 2762 1314 2818 stipulas
1333 2766 1449 2809 circa
1476 2775 1722 2816 Aranzium.

180 2872 192 2884 .
236 2832 682 2881 SANGUISORBA.
793 2835 1023 2890 Officinalis
1046 2841 1089 2880 in
1114 2848 1245 2895 pratis
1275 2849 1465 2890 humidis
1496 2851 1801 2905 Gr.1tianop01.

238 2915 391 2962 COR
414 2913 457 2956 N
481 2914 518 2958 U
542 2915 582 2958 S.
791 2914 979 2966 Masi-ula
1022 2920 1067 2959 in
1115 2925 1338 2969 montibus
1379 2930 1419 2971 &
1476 2926 1650 2981 sepibus
1701 2933 1856 2983 apricis

843 3004 1063 3038 §remems-
