<?xml version="1.0" encoding="UTF-8"?>
<!DOCTYPE html PUBLIC "-//W3C//DTD XHTML 1.0 Transitional//EN"
    "http://www.w3.org/TR/xhtml1/DTD/xhtml1-transitional.dtd">
<html xmlns="http://www.w3.org/1999/xhtml" xml:lang="en" lang="en">
 <head>
  <title>
</title>
<meta http-equiv="Content-Type" content="text/html;charset=utf-8" />
  <meta name='ocr-system' content='tesseract 3.04.00' />
  <meta name='ocr-capabilities' content='ocr_page ocr_carea ocr_par ocr_line ocrx_word'/>
</head>
<body>
  <div class='ocr_page' id='page_1' title='image "./systemaplantarum01linn_0367.png"; bbox 0 0 2007 3593; ppageno 0'>
   <div class='ocr_carea' id='block_1_1' title="bbox 124 158 1746 1137">
    <p class='ocr_par' dir='ltr' id='par_1_1' title="bbox 124 158 1746 1137">
     <span class='ocr_line' id='line_1_1' title="bbox 383 158 1720 247; baseline 0.001 -28"><span class='ocrx_word' id='word_1_1' title='bbox 383 225 385 228; x_wconf 78' lang='lat'><em>.</em></span> <span class='ocrx_word' id='word_1_2' title='bbox 580 158 1269 220; x_wconf 65' lang='lat' dir='ltr'>DELPHINArrs.·</span> <span class='ocrx_word' id='word_1_3' title='bbox 1641 184 1720 247; x_wconf 68' lang='grc' dir='ltr'><em>η</em></span> 
     </span>
     <span class='ocr_line' id='line_1_2' title="bbox 124 246 1718 318; baseline 0.003 -17"><span class='ocrx_word' id='word_1_4' title='bbox 124 252 463 305; x_wconf 77' lang='lat' dir='ltr'>cYTISUS.</span> <span class='ocrx_word' id='word_1_5' title='bbox 673 253 944 310; x_wconf 63' lang='lat' dir='ltr'>Sqffihfolius.</span> <span class='ocrx_word' id='word_1_6' title='bbox 1003 246 1052 297; x_wconf 78' lang='lat' dir='ltr'>in</span> <span class='ocrx_word' id='word_1_7' title='bbox 1094 260 1347 301; x_wconf 84' lang='lat' dir='ltr'>monticulis</span> <span class='ocrx_word' id='word_1_8' title='bbox 1382 259 1534 305; x_wconf 84' lang='lat' dir='ltr'>Vemo</span> <span class='ocrx_word' id='word_1_9' title='bbox 1576 274 1718 318; x_wconf 76' lang='lat' dir='ltr'>expo-</span> 
     </span>
     <span class='ocr_line' id='line_1_3' title="bbox 741 329 848 375; baseline 0.028 -3"><span class='ocrx_word' id='word_1_10' title='bbox 741 329 848 375; x_wconf 83' lang='lat' dir='ltr'>fitis.</span> 
     </span>
     <span class='ocr_line' id='line_1_4' title="bbox 678 405 1722 465; baseline 0.004 -18"><span class='ocrx_word' id='word_1_11' title='bbox 678 405 871 460; x_wconf 77' lang='lat' dir='ltr'>Supinas.</span> <span class='ocrx_word' id='word_1_12' title='bbox 899 410 946 450; x_wconf 88' lang='lat' dir='ltr'>in</span> <span class='ocrx_word' id='word_1_13' title='bbox 968 409 1221 451; x_wconf 83' lang='lat' dir='ltr'>monticulis</span> <span class='ocrx_word' id='word_1_14' title='bbox 1254 409 1412 464; x_wconf 70' lang='lat' dir='ltr'>apricis</span> <span class='ocrx_word' id='word_1_15' title='bbox 1446 409 1504 451; x_wconf 82' lang='lat' dir='ltr'>ad</span> <span class='ocrx_word' id='word_1_16' title='bbox 1530 410 1722 465; x_wconf 79' lang='lat' dir='ltr'>Rabou,</span> 
     </span>
     <span class='ocr_line' id='line_1_5' title="bbox 731 486 1261 542; baseline 0.011 -17"><span class='ocrx_word' id='word_1_17' title='bbox 731 494 868 538; x_wconf 85' lang='lat' dir='ltr'><strong>prope</strong></span> <span class='ocrx_word' id='word_1_18' title='bbox 889 486 1261 542; x_wconf 82' lang='lat' dir='ltr'>Gratianopolirn.</span> 
     </span>
     <span class='ocr_line' id='line_1_6' title="bbox 672 558 1402 618; baseline 0.007 -15"><span class='ocrx_word' id='word_1_19' title='bbox 672 558 920 618; x_wconf 65' lang='lat' dir='ltr'>Argenteus.</span> <span class='ocrx_word' id='word_1_20' title='bbox 957 570 1004 608; x_wconf 83' lang='lat' dir='ltr'>in</span> <span class='ocrx_word' id='word_1_21' title='bbox 1033 564 1244 609; x_wconf 80' lang='lat' dir='ltr'>similibus</span> <span class='ocrx_word' id='word_1_22' title='bbox 1277 563 1402 608; x_wconf 83' lang='lat' dir='ltr'>iocis.</span> 
     </span>
     <span class='ocr_line' id='line_1_7' title="bbox 125 630 1720 698; baseline 0.001 -14"><span class='ocrx_word' id='word_1_23' title='bbox 125 630 430 684; x_wconf 80' lang='lat' dir='ltr'>coLU‘rE</span> <span class='ocrx_word' id='word_1_24' title='bbox 446 634 504 680; x_wconf 76' lang='lat' dir='ltr'>A.</span> <span class='ocrx_word' id='word_1_25' title='bbox 666 636 953 690; x_wconf 77' lang='lat' dir='ltr'>Arborescens,</span> <span class='ocrx_word' id='word_1_26' title='bbox 1005 640 1121 681; x_wconf 84' lang='lat' dir='ltr'>circa</span> <span class='ocrx_word' id='word_1_27' title='bbox 1161 639 1517 695; x_wconf 80' lang='lat' dir='ltr'>Gratianopolim</span> <span class='ocrx_word' id='word_1_28' title='bbox 1547 674 1562 698; x_wconf 85' lang='lat'><strong>,</strong></span> <span class='ocrx_word' id='word_1_29' title='bbox 1609 641 1638 683; x_wconf 77' lang='grc' dir='ltr'><em>ἁ</em></span> <span class='ocrx_word' id='word_1_30' title='bbox 1671 643 1720 685; x_wconf 72' lang='lat' dir='ltr'>la</span> 
     </span>
     <span class='ocr_line' id='line_1_8' title="bbox 735 709 1746 763; baseline 0.006 -12"><span class='ocrx_word' id='word_1_31' title='bbox 735 709 920 753; x_wconf 75' lang='lat' dir='ltr'>Tronche</span> <span class='ocrx_word' id='word_1_32' title='bbox 939 743 954 763; x_wconf 89' lang='lat'><em>,</em></span> <span class='ocrx_word' id='word_1_33' title='bbox 982 713 1062 755; x_wconf 71' lang='grc' dir='ltr'>δαῒ.</span> <span class='ocrx_word' id='word_1_34' title='bbox 1308 723 1315 730; x_wconf 87' lang='grc'><em>“</em></span> <span class='ocrx_word' id='word_1_35' title='bbox 1743 714 1746 717; x_wconf 42' lang='lat'><strong>⁴</strong></span> 
     </span>
     <span class='ocr_line' id='line_1_9' title="bbox 128 787 1466 854; baseline 0.002 -23"><span class='ocrx_word' id='word_1_36' title='bbox 128 787 585 832; x_wconf 83' lang='lat' dir='ltr'>GLYCYRRHIzA.</span> <span class='ocrx_word' id='word_1_37' title='bbox 607 840 619 854; x_wconf 86' lang='lat'><strong>.</strong></span> <span class='ocrx_word' id='word_1_38' title='bbox 676 788 845 833; x_wconf 77' lang='lat' dir='ltr'>Glabra.</span> <span class='ocrx_word' id='word_1_39' title='bbox 875 792 922 831; x_wconf 89' lang='lat' dir='ltr'>in</span> <span class='ocrx_word' id='word_1_40' title='bbox 946 792 1061 832; x_wconf 87' lang='lat' dir='ltr'>arvis</span> <span class='ocrx_word' id='word_1_41' title='bbox 1082 795 1182 832; x_wconf 81' lang='lat' dir='ltr'>dans</span> <span class='ocrx_word' id='word_1_42' title='bbox 1213 789 1249 832; x_wconf 80' lang='lat' dir='ltr'>le</span> <span class='ocrx_word' id='word_1_43' title='bbox 1281 789 1466 835; x_wconf 75' lang='lat' dir='ltr'>Vercors.</span> 
     </span>
     <span class='ocr_line' id='line_1_10' title="bbox 127 862 1357 912; baseline 0.001 -4"><span class='ocrx_word' id='word_1_44' title='bbox 127 867 165 908; x_wconf 89' lang='lat' dir='ltr'>C</span> <span class='ocrx_word' id='word_1_45' title='bbox 183 867 278 909; x_wconf 88' lang='lat' dir='ltr'>OR</span> <span class='ocrx_word' id='word_1_46' title='bbox 295 867 333 910; x_wconf 89' lang='lat' dir='ltr'>O</span> <span class='ocrx_word' id='word_1_47' title='bbox 349 862 433 912; x_wconf 83' lang='lat' dir='ltr'>NI</span> <span class='ocrx_word' id='word_1_48' title='bbox 454 867 530 909; x_wconf 82' lang='lat' dir='ltr'>LI.</span> <span class='ocrx_word' id='word_1_49' title='bbox 545 863 600 912; x_wconf 83' lang='lat' dir='ltr'>A.</span> <span class='ocrx_word' id='word_1_50' title='bbox 681 865 872 909; x_wconf 80' lang='lat' dir='ltr'>Emerus.</span> <span class='ocrx_word' id='word_1_51' title='bbox 909 868 956 908; x_wconf 89' lang='lat' dir='ltr'>in</span> <span class='ocrx_word' id='word_1_52' title='bbox 987 864 1104 908; x_wconf 79' lang='lat' dir='ltr'>silvis</span> <span class='ocrx_word' id='word_1_53' title='bbox 1140 866 1357 909; x_wconf 88' lang='lat' dir='ltr'>omnibus.</span> 
     </span>
     <span class='ocr_line' id='line_1_11' title="bbox 684 939 1722 995; baseline -0.001 -10"><span class='ocrx_word' id='word_1_54' title='bbox 684 939 914 985; x_wconf 81' lang='lat' dir='ltr'>Valentina.</span> <span class='ocrx_word' id='word_1_55' title='bbox 951 939 1000 982; x_wconf 92' lang='lat' dir='ltr'>in</span> <span class='ocrx_word' id='word_1_56' title='bbox 1054 940 1172 983; x_wconf 83' lang='lat' dir='ltr'>valle</span> <span class='ocrx_word' id='word_1_57' title='bbox 1234 940 1447 994; x_wconf 83' lang='lat' dir='ltr'>quadrata</span> <span class='ocrx_word' id='word_1_58' title='bbox 1493 948 1632 995; x_wconf 77' lang='lat' dir='ltr'>prope</span> <span class='ocrx_word' id='word_1_59' title='bbox 1680 940 1722 984; x_wconf 74' lang='lat' dir='ltr'>le</span> 
     </span>
     <span class='ocr_line' id='line_1_12' title="bbox 730 1015 854 1059; baseline 0.008 -2"><span class='ocrx_word' id='word_1_60' title='bbox 730 1015 854 1059; x_wconf 78' lang='lat' dir='ltr'>Fert.</span> 
     </span>
     <span class='ocr_line' id='line_1_13' title="bbox 671 1088 1714 1137; baseline 0.003 -3"><span class='ocrx_word' id='word_1_61' title='bbox 671 1088 890 1134; x_wconf 73' lang='lat' dir='ltr'>Coronatu-</span> <span class='ocrx_word' id='word_1_62' title='bbox 927 1090 977 1130; x_wconf 85' lang='lat' dir='ltr'>in</span> <span class='ocrx_word' id='word_1_63' title='bbox 1014 1089 1240 1131; x_wconf 89' lang='lat' dir='ltr'>montibus</span> <span class='ocrx_word' id='word_1_64' title='bbox 1281 1089 1564 1134; x_wconf 85' lang='lat' dir='ltr'>calidioribus</span> <span class='ocrx_word' id='word_1_65' title='bbox 1599 1091 1714 1137; x_wconf 73' lang='lat' dir='ltr'>circa</span> 
     </span>
    </p>
   </div>
   <div class='ocr_carea' id='block_1_2' title="bbox 119 1165 1718 1768">
    <p class='ocr_par' dir='ltr' id='par_1_2' title="bbox 119 1165 1718 1768">
     <span class='ocr_line' id='line_1_14' title="bbox 702 1165 1268 1225; baseline -0.011 -12"><span class='ocrx_word' id='word_1_66' title='bbox 702 1172 762 1225; x_wconf 8' lang='lat' dir='ltr'>tle</span> <span class='ocrx_word' id='word_1_67' title='bbox 792 1169 898 1212; x_wconf 77' lang='lat' dir='ltr'>Bais</span> <span class='ocrx_word' id='word_1_68' title='bbox 922 1200 937 1220; x_wconf 87' lang='lat'>‚</span> <span class='ocrx_word' id='word_1_69' title='bbox 975 1175 1030 1209; x_wconf 81' lang='lat' dir='ltr'>les</span> <span class='ocrx_word' id='word_1_70' title='bbox 1052 1165 1268 1212; x_wconf 82' lang='lat' dir='ltr'>Baronies.</span> 
     </span>
     <span class='ocr_line' id='line_1_15' title="bbox 672 1244 1714 1291; baseline -0.001 0"><span class='ocrx_word' id='word_1_71' title='bbox 672 1247 864 1291; x_wconf 60' lang='lat' dir='ltr'>Minima.</span> <span class='ocrx_word' id='word_1_72' title='bbox 916 1246 963 1287; x_wconf 89' lang='lat' dir='ltr'>in</span> <span class='ocrx_word' id='word_1_73' title='bbox 1016 1244 1269 1286; x_wconf 85' lang='lat' dir='ltr'>monticulis</span> <span class='ocrx_word' id='word_1_74' title='bbox 1319 1244 1526 1288; x_wconf 80' lang='lat' dir='ltr'>omnibus</span> <span class='ocrx_word' id='word_1_75' title='bbox 1580 1246 1714 1290; x_wconf 75' lang='lat' dir='ltr'>aridis</span> 
     </span>
     <span class='ocr_line' id='line_1_16' title="bbox 728 1327 1091 1381; baseline 0.003 -13"><span class='ocrx_word' id='word_1_76' title='bbox 728 1329 884 1381; x_wconf 85' lang='lat' dir='ltr'>apricis</span> <span class='ocrx_word' id='word_1_77' title='bbox 909 1327 1091 1372; x_wconf 69' lang='lat' dir='ltr'>saxosis.</span> 
     </span>
     <span class='ocr_line' id='line_1_17' title="bbox 679 1403 1713 1464; baseline 0 -15"><span class='ocrx_word' id='word_1_78' title='bbox 679 1403 817 1449; x_wconf 80' lang='lat' dir='ltr'>Vatia.</span> <span class='ocrx_word' id='word_1_79' title='bbox 852 1407 900 1446; x_wconf 87' lang='lat' dir='ltr'>in</span> <span class='ocrx_word' id='word_1_80' title='bbox 930 1404 1119 1448; x_wconf 86' lang='lat' dir='ltr'>versuris</span> <span class='ocrx_word' id='word_1_81' title='bbox 1142 1417 1349 1460; x_wconf 86' lang='lat' dir='ltr'>agrorum</span> <span class='ocrx_word' id='word_1_82' title='bbox 1385 1403 1713 1464; x_wconf 49' lang='lat' dir='ltr'>australiorumg</span> 
     </span>
     <span class='ocr_line' id='line_1_18' title="bbox 727 1480 1167 1535; baseline 0 -15"><span class='ocrx_word' id='word_1_83' title='bbox 727 1491 844 1522; x_wconf 84' lang='lat' dir='ltr'>certe</span> <span class='ocrx_word' id='word_1_84' title='bbox 868 1482 1070 1535; x_wconf 85' lang='lat' dir='ltr'>perennis</span> <span class='ocrx_word' id='word_1_85' title='bbox 1093 1480 1167 1522; x_wconf 80' lang='lat' dir='ltr'>est.</span> 
     </span>
     <span class='ocr_line' id='line_1_19' title="bbox 119 1556 1718 1615; baseline 0 -12"><span class='ocrx_word' id='word_1_86' title='bbox 119 1557 273 1603; x_wconf 87' lang='lat' dir='ltr'>ORN</span> <span class='ocrx_word' id='word_1_87' title='bbox 290 1558 310 1603; x_wconf 92' lang='lat'>1</span> <span class='ocrx_word' id='word_1_88' title='bbox 326 1559 363 1603; x_wconf 81' lang='lat' dir='ltr'>T</span> <span class='ocrx_word' id='word_1_89' title='bbox 378 1559 420 1604; x_wconf 82' lang='lat' dir='ltr'>H</span> <span class='ocrx_word' id='word_1_90' title='bbox 437 1557 520 1602; x_wconf 81' lang='grc' dir='ltr'>ΟΡ</span> <span class='ocrx_word' id='word_1_91' title='bbox 535 1556 577 1603; x_wconf 86' lang='lat' dir='ltr'>U</span> <span class='ocrx_word' id='word_1_92' title='bbox 591 1556 636 1602; x_wconf 84' lang='lat' dir='ltr'>S.</span> <span class='ocrx_word' id='word_1_93' title='bbox 676 1556 940 1615; x_wconf 79' lang='lat' dir='ltr'>Perpufillus&#39;.</span> <span class='ocrx_word' id='word_1_94' title='bbox 973 1561 1140 1601; x_wconf 84' lang='lat' dir='ltr'>habitat</span> <span class='ocrx_word' id='word_1_95' title='bbox 1166 1561 1211 1601; x_wconf 90' lang='lat' dir='ltr'>in</span> <span class='ocrx_word' id='word_1_96' title='bbox 1234 1561 1347 1602; x_wconf 87' lang='lat' dir='ltr'>arvis</span> <span class='ocrx_word' id='word_1_97' title='bbox 1366 1558 1574 1602; x_wconf 86' lang='lat' dir='ltr'>sabulofis</span> <span class='ocrx_word' id='word_1_98' title='bbox 1601 1562 1718 1603; x_wconf 79' lang='lat' dir='ltr'>cirea</span> 
     </span>
     <span class='ocr_line' id='line_1_20' title="bbox 218 1634 1260 1689; baseline -0.005 -10"><span class='ocrx_word' id='word_1_99' title='bbox 218 1655 222 1658; x_wconf 90' lang='lat'>·</span> <span class='ocrx_word' id='word_1_100' title='bbox 727 1641 764 1677; x_wconf 82' lang='lat' dir='ltr'>le</span> <span class='ocrx_word' id='word_1_101' title='bbox 794 1634 1260 1689; x_wconf 65' lang='lat' dir='ltr'>Pont-de-Beazcvoffln.</span> 
     </span>
     <span class='ocr_line' id='line_1_21' title="bbox 665 1701 1708 1768; baseline -0.001 -12"><span class='ocrx_word' id='word_1_102' title='bbox 665 1701 932 1768; x_wconf 66' lang='lat' dir='ltr'>Scorpibides.</span> <span class='ocrx_word' id='word_1_103' title='bbox 964 1715 1011 1756; x_wconf 91' lang='lat' dir='ltr'>in</span> <span class='ocrx_word' id='word_1_104' title='bbox 1035 1714 1190 1768; x_wconf 81' lang='lat' dir='ltr'>apricis</span> <span class='ocrx_word' id='word_1_105' title='bbox 1212 1714 1339 1755; x_wconf 88' lang='lat' dir='ltr'>cultis</span> <span class='ocrx_word' id='word_1_106' title='bbox 1364 1711 1578 1756; x_wconf 73' lang='lat' dir='ltr'>montosis</span> <span class='ocrx_word' id='word_1_107' title='bbox 1599 1713 1708 1757; x_wconf 88' lang='lat' dir='ltr'>Gra·</span> 
     </span>
    </p>
   </div>
   <div class='ocr_carea' id='block_1_3' title="bbox 113 1791 1711 2133">
    <p class='ocr_par' dir='ltr' id='par_1_3' title="bbox 728 1791 958 1831">
     <span class='ocr_line' id='line_1_22' title="bbox 728 1791 958 1831; baseline -0.004 0"><span class='ocrx_word' id='word_1_108' title='bbox 728 1791 849 1831; x_wconf 86' lang='lat' dir='ltr'>tiano</span> <span class='ocrx_word' id='word_1_109' title='bbox 883 1791 958 1831; x_wconf 90' lang='lat' dir='ltr'>oli.</span> 
     </span>
    </p>

    <p class='ocr_par' dir='ltr' id='par_1_4' title="bbox 113 1805 1706 1996">
     <span class='ocr_line' id='line_1_23' title="bbox 113 1805 1706 1919; baseline -0.005 -7"><span class='ocrx_word' id='word_1_110' title='bbox 113 1868 158 1912; x_wconf 85' lang='lat' dir='ltr'>H</span> <span class='ocrx_word' id='word_1_111' title='bbox 173 1868 195 1910; x_wconf 91' lang='lat'>1</span> <span class='ocrx_word' id='word_1_112' title='bbox 212 1869 240 1911; x_wconf 90' lang='lat' dir='ltr'>P</span> <span class='ocrx_word' id='word_1_113' title='bbox 253 1868 284 1911; x_wconf 91' lang='lat' dir='ltr'>P</span> <span class='ocrx_word' id='word_1_114' title='bbox 299 1867 337 1910; x_wconf 87' lang='lat' dir='ltr'>O</span> <span class='ocrx_word' id='word_1_115' title='bbox 352 1872 386 1912; x_wconf 90' lang='lat' dir='ltr'>C</span> <span class='ocrx_word' id='word_1_116' title='bbox 399 1868 441 1909; x_wconf 91' lang='lat' dir='ltr'>R</span> <span class='ocrx_word' id='word_1_117' title='bbox 455 1866 488 1909; x_wconf 87' lang='lat' dir='ltr'>E</span> <span class='ocrx_word' id='word_1_118' title='bbox 503 1866 534 1908; x_wconf 91' lang='lat' dir='ltr'>P</span> <span class='ocrx_word' id='word_1_119' title='bbox 548 1865 569 1907; x_wconf 94' lang='lat'>1</span> <span class='ocrx_word' id='word_1_120' title='bbox 583 1866 624 1907; x_wconf 88' lang='lat' dir='ltr'>S.</span> <span class='ocrx_word' id='word_1_121' title='bbox 675 1805 878 1917; x_wconf 81' lang='lat' dir='ltr'>Comosa.p</span> <span class='ocrx_word' id='word_1_122' title='bbox 899 1865 947 1906; x_wconf 91' lang='lat' dir='ltr'>in</span> <span class='ocrx_word' id='word_1_123' title='bbox 974 1865 1227 1907; x_wconf 82' lang='lat' dir='ltr'>monticulis</span> <span class='ocrx_word' id='word_1_124' title='bbox 1252 1865 1369 1907; x_wconf 79' lang='lat' dir='ltr'>circa</span> <span class='ocrx_word' id='word_1_125' title='bbox 1408 1866 1526 1919; x_wconf 88' lang='lat' dir='ltr'>Corp</span> <span class='ocrx_word' id='word_1_126' title='bbox 1544 1896 1558 1918; x_wconf 91' lang='lat'>‚</span> <span class='ocrx_word' id='word_1_127' title='bbox 1591 1863 1706 1907; x_wconf 78' lang='lat' dir='ltr'>Gra-</span> 
     </span>
     <span class='ocr_line' id='line_1_24' title="bbox 714 1943 991 1996; baseline 0.007 -13"><span class='ocrx_word' id='word_1_128' title='bbox 714 1943 991 1996; x_wconf 87' lang='lat' dir='ltr'>tianopolim.</span> 
     </span>
    </p>

    <p class='ocr_par' dir='ltr' id='par_1_5' title="bbox 113 2016 1711 2133">
     <span class='ocr_line' id='line_1_25' title="bbox 113 2016 1711 2072; baseline -0.005 -5"><span class='ocrx_word' id='word_1_129' title='bbox 113 2021 142 2066; x_wconf 78' lang='lat' dir='ltr'>S</span> <span class='ocrx_word' id='word_1_130' title='bbox 154 2024 189 2066; x_wconf 94' lang='lat' dir='ltr'>C</span> <span class='ocrx_word' id='word_1_131' title='bbox 202 2023 242 2066; x_wconf 93' lang='grc' dir='ltr'><strong>Ο</strong></span> <span class='ocrx_word' id='word_1_132' title='bbox 256 2022 300 2064; x_wconf 88' lang='lat' dir='ltr'>R</span> <span class='ocrx_word' id='word_1_133' title='bbox 315 2019 345 2063; x_wconf 90' lang='lat' dir='ltr'>P</span> <span class='ocrx_word' id='word_1_134' title='bbox 362 2021 382 2061; x_wconf 91' lang='grc' dir='ltr'>Ι</span> <span class='ocrx_word' id='word_1_135' title='bbox 396 2019 438 2062; x_wconf 91' lang='lat' dir='ltr'>U</span> <span class='ocrx_word' id='word_1_136' title='bbox 454 2020 497 2060; x_wconf 85' lang='lat' dir='ltr'>R</span> <span class='ocrx_word' id='word_1_137' title='bbox 511 2018 554 2062; x_wconf 86' lang='lat' dir='ltr'>U</span> <span class='ocrx_word' id='word_1_138' title='bbox 568 2019 610 2059; x_wconf 87' lang='lat' dir='ltr'>S.</span> <span class='ocrx_word' id='word_1_139' title='bbox 681 2017 964 2062; x_wconf 71' lang='lat' dir='ltr'>Vermrculata.</span> <span class='ocrx_word' id='word_1_140' title='bbox 1018 2019 1064 2059; x_wconf 89' lang='lat' dir='ltr'>in</span> <span class='ocrx_word' id='word_1_141' title='bbox 1104 2019 1219 2072; x_wconf 85' lang='lat' dir='ltr'>agris</span> <span class='ocrx_word' id='word_1_142' title='bbox 1256 2018 1295 2059; x_wconf 74' lang='grc' dir='ltr'>ετ</span> <span class='ocrx_word' id='word_1_143' title='bbox 1328 2016 1515 2059; x_wconf 84' lang='lat' dir='ltr'>versuris</span> <span class='ocrx_word' id='word_1_144' title='bbox 1545 2049 1558 2070; x_wconf 90' lang='lat'>,</span> <span class='ocrx_word' id='word_1_145' title='bbox 1600 2017 1711 2060; x_wconf 80' lang='lat' dir='ltr'>locis</span> 
     </span>
     <span class='ocr_line' id='line_1_26' title="bbox 723 2091 1024 2133; baseline -0.007 0"><span class='ocrx_word' id='word_1_146' title='bbox 723 2091 1024 2133; x_wconf 84' lang='lat' dir='ltr'>calidioribus.</span> 
     </span>
    </p>
   </div>
   <div class='ocr_carea' id='block_1_4' title="bbox 26 2168 1707 2226">
    <p class='ocr_par' dir='ltr' id='par_1_6' title="bbox 26 2168 1707 2226">
     <span class='ocr_line' id='line_1_27' title="bbox 26 2168 1707 2226; baseline -0.004 -9"><span class='ocrx_word' id='word_1_147' title='bbox 26 2191 27 2196; x_wconf 51' lang='lat'>¹</span> <span class='ocrx_word' id='word_1_148' title='bbox 111 2172 596 2219; x_wconf 80' lang='lat' dir='ltr'>HEDYSARUM.</span> <span class='ocrx_word' id='word_1_149' title='bbox 657 2171 870 2226; x_wconf 81' lang='lat' dir='ltr'>Alpinum.</span> <span class='ocrx_word' id='word_1_150' title='bbox 930 2169 1051 2211; x_wconf 87' lang='lat' dir='ltr'>secus</span> <span class='ocrx_word' id='word_1_151' title='bbox 1110 2177 1319 2211; x_wconf 81' lang='lat' dir='ltr'>torrentes</span> <span class='ocrx_word' id='word_1_152' title='bbox 1360 2169 1525 2222; x_wconf 88' lang='lat' dir='ltr'>alpium</span> <span class='ocrx_word' id='word_1_153' title='bbox 1574 2201 1588 2221; x_wconf 90' lang='lat'>‚</span> <span class='ocrx_word' id='word_1_154' title='bbox 1651 2168 1707 2211; x_wconf 83' lang='lat' dir='ltr'>ad</span> 
     </span>
    </p>
   </div>
   <div class='ocr_carea' id='block_1_5' title="bbox 724 2245 1709 2299">
    <p class='ocr_par' dir='ltr' id='par_1_7' title="bbox 724 2245 1709 2299">
     <span class='ocr_line' id='line_1_28' title="bbox 724 2245 1709 2299; baseline -0.002 -10"><span class='ocrx_word' id='word_1_155' title='bbox 724 2248 913 2289; x_wconf 78' lang='lat' dir='ltr'>Charite-</span> <span class='ocrx_word' id='word_1_156' title='bbox 934 2245 1072 2288; x_wconf 66' lang='lat' dir='ltr'>Louve</span> <span class='ocrx_word' id='word_1_157' title='bbox 1100 2277 1114 2297; x_wconf 89' lang='lat'><em>‚</em></span> <span class='ocrx_word' id='word_1_158' title='bbox 1158 2246 1203 2286; x_wconf 77' lang='lat' dir='ltr'>in</span> <span class='ocrx_word' id='word_1_159' title='bbox 1238 2245 1391 2299; x_wconf 78' lang='lat' dir='ltr'>alpinis</span> <span class='ocrx_word' id='word_1_160' title='bbox 1431 2245 1526 2288; x_wconf 77' lang='lat' dir='ltr'>fere</span> <span class='ocrx_word' id='word_1_161' title='bbox 1557 2248 1709 2288; x_wconf 82' lang='lat' dir='ltr'>omni-</span> 
     </span>
    </p>
   </div>
   <div class='ocr_carea' id='block_1_6' title="bbox 667 2326 1704 2452">
    <p class='ocr_par' dir='ltr' id='par_1_8' title="bbox 667 2326 1704 2452">
     <span class='ocr_line' id='line_1_29' title="bbox 719 2326 815 2367; baseline -0.021 -1"><span class='ocrx_word' id='word_1_162' title='bbox 719 2326 815 2367; x_wconf 89' lang='lat' dir='ltr'>bus.</span> 
     </span>
     <span class='ocr_line' id='line_1_30' title="bbox 667 2395 1704 2452; baseline -0.006 -10"><span class='ocrx_word' id='word_1_163' title='bbox 667 2399 931 2452; x_wconf 61' lang='lat' dir='ltr'>Onobrychis.</span> <span class='ocrx_word' id='word_1_164' title='bbox 963 2399 1011 2438; x_wconf 87' lang='lat' dir='ltr'>in</span> <span class='ocrx_word' id='word_1_165' title='bbox 1034 2396 1190 2449; x_wconf 88' lang='lat' dir='ltr'>alpinis</span> <span class='ocrx_word' id='word_1_166' title='bbox 1213 2395 1432 2436; x_wconf 82' lang='lat' dir='ltr'>radicibus</span> <span class='ocrx_word' id='word_1_167' title='bbox 1463 2395 1584 2436; x_wconf 87' lang='lat' dir='ltr'>secus</span> <span class='ocrx_word' id='word_1_168' title='bbox 1609 2407 1704 2436; x_wconf 87' lang='lat' dir='ltr'>tor-</span> 
     </span>
    </p>
   </div>
   <div class='ocr_carea' id='block_1_7' title="bbox 101 2476 1708 2991">
    <p class='ocr_par' dir='ltr' id='par_1_9' title="bbox 101 2476 1708 2991">
     <span class='ocr_line' id='line_1_31' title="bbox 715 2476 1073 2531; baseline 0 -14"><span class='ocrx_word' id='word_1_169' title='bbox 715 2487 857 2517; x_wconf 81' lang='lat' dir='ltr'>rentes</span> <span class='ocrx_word' id='word_1_170' title='bbox 890 2476 1073 2531; x_wconf 84' lang='lat' dir='ltr'>apricos.</span> 
     </span>
     <span class='ocr_line' id='line_1_32' title="bbox 657 2552 1708 2608; baseline -0.001 -12"><span class='ocrx_word' id='word_1_171' title='bbox 657 2554 864 2604; x_wconf 59' lang='lat' dir='ltr'>Samrile.</span> <span class='ocrx_word' id='word_1_172' title='bbox 897 2555 941 2595; x_wconf 88' lang='lat' dir='ltr'>in</span> <span class='ocrx_word' id='word_1_173' title='bbox 962 2552 1178 2608; x_wconf 70' lang='lat' dir='ltr'>argillosis</span> <span class='ocrx_word' id='word_1_174' title='bbox 1202 2554 1330 2596; x_wconf 87' lang='lat' dir='ltr'>nudis</span> <span class='ocrx_word' id='word_1_175' title='bbox 1352 2554 1470 2596; x_wconf 88' lang='lat' dir='ltr'>secus</span> <span class='ocrx_word' id='word_1_176' title='bbox 1492 2564 1708 2597; x_wconf 70' lang='lat' dir='ltr'>torrentes</span> 
     </span>
     <span class='ocr_line' id='line_1_33' title="bbox 712 2630 1661 2683; baseline -0.006 -10"><span class='ocrx_word' id='word_1_177' title='bbox 712 2631 1071 2673; x_wconf 82' lang='lat' dir='ltr'>meridionalium</span> <span class='ocrx_word' id='word_1_178' title='bbox 1094 2662 1106 2683; x_wconf 86' lang='lat'><em>,</em></span> <span class='ocrx_word' id='word_1_179' title='bbox 1134 2630 1248 2669; x_wconf 83' lang='lat' dir='ltr'>circa</span> <span class='ocrx_word' id='word_1_180' title='bbox 1270 2630 1521 2683; x_wconf 75' lang='lat' dir='ltr'>Vapincum</span> <span class='ocrx_word' id='word_1_181' title='bbox 1542 2661 1553 2680; x_wconf 90' lang='lat'>,</span> <span class='ocrx_word' id='word_1_182' title='bbox 1579 2631 1661 2669; x_wconf 64' lang='grc' dir='ltr'>ἀς.</span> 
     </span>
     <span class='ocr_line' id='line_1_34' title="bbox 657 2702 1707 2759; baseline -0.005 -12"><span class='ocrx_word' id='word_1_183' title='bbox 657 2706 866 2759; x_wconf 80' lang='lat' dir='ltr'>Supinum.</span> <span class='ocrx_word' id='word_1_184' title='bbox 901 2719 981 2744; x_wconf 72' lang='lat' dir='ltr'>aux</span> <span class='ocrx_word' id='word_1_185' title='bbox 1006 2702 1161 2752; x_wconf 73' lang='lat' dir='ltr'>Baux,</span> <span class='ocrx_word' id='word_1_186' title='bbox 1200 2702 1249 2742; x_wconf 81' lang='lat' dir='ltr'>in</span> <span class='ocrx_word' id='word_1_187' title='bbox 1279 2703 1388 2744; x_wconf 84' lang='lat' dir='ltr'>locis</span> <span class='ocrx_word' id='word_1_188' title='bbox 1429 2704 1559 2745; x_wconf 76' lang='lat' dir='ltr'>aridis</span> <span class='ocrx_word' id='word_1_189' title='bbox 1589 2703 1644 2744; x_wconf 81' lang='lat' dir='ltr'>ad</span> <span class='ocrx_word' id='word_1_190' title='bbox 1664 2706 1707 2742; x_wconf 70' lang='lat' dir='ltr'>la</span> 
     </span>
     <span class='ocr_line' id='line_1_35' title="bbox 722 2779 1234 2832; baseline -0.008 -11"><span class='ocrx_word' id='word_1_191' title='bbox 722 2780 874 2821; x_wconf 81' lang='lat' dir='ltr'>Roche.</span> <span class='ocrx_word' id='word_1_192' title='bbox 918 2779 1037 2821; x_wconf 85' lang='lat' dir='ltr'>Rara</span> <span class='ocrx_word' id='word_1_193' title='bbox 1071 2780 1234 2832; x_wconf 85' lang='lat' dir='ltr'>planta.</span> 
     </span>
     <span class='ocr_line' id='line_1_36' title="bbox 101 2855 1699 2916; baseline -0.006 -7"><span class='ocrx_word' id='word_1_194' title='bbox 101 2862 362 2916; x_wconf 72' lang='lat' dir='ltr'><strong>PHACA·</strong></span> <span class='ocrx_word' id='word_1_195' title='bbox 644 2858 818 2910; x_wconf 72' lang='lat' dir='ltr'>&#39;Atpina-</span> <span class='ocrx_word' id='word_1_196' title='bbox 857 2859 902 2897; x_wconf 90' lang='lat' dir='ltr'>in</span> <span class='ocrx_word' id='word_1_197' title='bbox 934 2858 1065 2911; x_wconf 83' lang='lat' dir='ltr'>pratis</span> <span class='ocrx_word' id='word_1_198' title='bbox 1104 2857 1259 2911; x_wconf 83' lang='lat' dir='ltr'>alpinis</span> <span class='ocrx_word' id='word_1_199' title='bbox 1290 2855 1484 2901; x_wconf 81' lang='lat' dir='ltr'>herbofis</span> <span class='ocrx_word' id='word_1_200' title='bbox 1518 2859 1564 2899; x_wconf 83' lang='lat' dir='ltr'>in</span> <span class='ocrx_word' id='word_1_201' title='bbox 1587 2858 1699 2902; x_wconf 77' lang='lat' dir='ltr'>Val-</span> 
     </span>
     <span class='ocr_line' id='line_1_37' title="bbox 709 2931 1381 2991; baseline -0.001 -15"><span class='ocrx_word' id='word_1_202' title='bbox 709 2931 894 2979; x_wconf 77' lang='lat' dir='ltr'>bonnais</span> <span class='ocrx_word' id='word_1_203' title='bbox 913 2966 926 2988; x_wconf 85' lang='lat'>‚</span> <span class='ocrx_word' id='word_1_204' title='bbox 957 2932 1116 2978; x_wconf 80' lang='lat' dir='ltr'>Oisans</span> <span class='ocrx_word' id='word_1_205' title='bbox 1133 2968 1147 2991; x_wconf 92' lang='lat'><em>,</em></span> <span class='ocrx_word' id='word_1_206' title='bbox 1187 2936 1381 2979; x_wconf 87' lang='lat' dir='ltr'>Orciere.</span> 
     </span>
    </p>
   </div>
  </div>
 </body>
</html>
