2007 3593
585 125 1423 203 Dsstpn't‘NAits:
1717 158 1795 234 ξς

208 209 566 276 TANACET
585 226 711 274 UM.
769 230 1012 285 Balsamila.
1043 234 1089 274 in
1120 236 1256 278 hortis
1287 242 1405 281 culta
1436 240 1612 296 ubique.

204 288 662 350 ARTEMISIA.

711 320 715 326 ·
765 306 1034 350 Abrotanum.
1056 309 1141 348 huc
1160 309 1305 352 refero
1321 314 1579 358 artemifiam
1599 326 1809 377 campho-

807 394 946 425 ratam
982 386 1086 427 nob.
1109 399 1204 442 quae
1228 387 1285 429 est
1305 390 1357 431 A.
1379 393 1531 434 lobelii
1556 400 1670 450 apud
1695 404 1801 445 clar.

812 461 1064 505 Allionium
1082 498 1094 518 ‚
1129 467 1176 506 in
1197 470 1422 510 montibus
1450 473 1604 525 apricis
1634 476 1810 519 Gratia-

818 540 975 592 nopoli
996 573 1010 593 ,
1049 543 1166 597 Corp
1186 575 1200 598 ‚
1233 545 1316 591 διο.
1346 549 1402 592 A.
1437 550 1577 594 abi-01.
1601 553 1648 592 in
1670 556 1809 596 hortis

819 617 1041 660 omnibus.

763 687 1013 745 Campestris.
1050 695 1096 737 in
1126 701 1243 742 arvis
1264 701 1507 748 declivibus
1525 713 1749 764 praeruptis
1771 712 1812 753 &

820 767 945 812 secus
980 777 1163 820 rivulos

749 840 968 889 Glacialis.
1008 850 1123 890 inter
1159 839 1288 906 rubes
1323 855 1460 898 editas
1485 891 1498 912 ,
1554 862 1669 901 circa
1704 861 1806 902 Bri-

811 925 1044 979 gantium,
1067 941 1150 968 aux
1182 929 1354 986 Hayes,
1386 933 1628 986 Vallouise‚
1660 935 1823 990 Malas

809 1014 859 1038 en
900 999 1085 1054 Queyras
1127 1005 1168 1044 &
1205 1008 1327 1052 alibi.
1379 1012 1529 1054 Flotes
1567 1012 1729 1067 Cymofi
1766 1016 1809 1059 S.

809 1077 1004 1130 capitati.

755 1150 977 1207 Rupestris.
1014 1157 1061 1197 in
1097 1161 1271 1214 alpibus
1303 1163 1351 1205 in
1391 1165 1664 1222 Champsaur,
1703 1171 1805 1214 Moe

812 1225 916 1268 lines
945 1259 961 1279 ,
1015 1228 1345 1289 Valgaudemar‚
1401 1236 1623 1295 Devolug,
1662 1243 1810 1300 Bure,

813 1318 896 1343 aux
919 1303 1059 1350 Baux.
1093 1309 1242 1353 Flores
1274 1312 1426 1366 spicati
1446 1315 1696 1365 subseffiles.

743 1376 980 1424 Mutellina.
1020 1385 1066 1424 in
1098 1391 1306 1432 omnibus
1352 1392 1503 1435 fissuris
1548 1398 1714 1450 alpium
1748 1402 1805 1443 ad

807 1453 986 1506 Alvar,
1033 1455 1167 1500 Revel
1203 1494 1215 1514 ‚
1268 1462 1459 1517 Septlans
1490 1499 1506 1518 ‚
1557 1473 1803 1527 Anemosa,

814 1530 963 1584 Ozsans
979 1567 993 1585 ‚
1028 1534 1379 1584 Villar-de-Lans
1395 1577 1407 1597 ‚
1438 1543 1627 1590 Glandas
1645 1582 1656 1603 ,
1680 1552 1800 1595 circa

815 1608 1101 1664 Vapincum,
1136 1613 1215 1654 δέ.
1250 1613 1376 1657 flores
1398 1620 1604 1663 axillares
1641 1625 1680 1663 &
1717 1637 1801 1668 ter-

800 1682 988 1723 minales
1017 1684 1302 1737 pedunculati
1321 1721 1336 1743 ,
1371 1692 1526 1735 calices
1544 1697 1670 1748 parvi
1692 1710 1801 1741 con-

813 1759 932 1799 tracti
965 1760 1181 1814 angulofi.

759 1836 1128 1892 Chamaemelifolia.
1147 1843 1192 1881 in
1207 1844 1429 1886 montibus
1447 1848 1643 1890 meridici
1661 1860 1801 1904 expo-

799 1912 889 1957 slris
910 1949 923 1970 ,
959 1933 1010 1959 au
1036 1917 1204 1971 Noyer,
1234 1923 1275 1962 &
1299 1923 1402 1964 alibi
1433 1929 1532 1966 dans
1561 1926 1600 1967 le
1626 1927 1799 1982 champ-

797 1995 900 2044 saur
918 2028 930 2048 ‚
964 2000 999 2033 le
1023 1995 1204 2050 Devolzq
1223 2028 1236 2047 ,
1256 2000 1445 2053 Vapinci
1468 2037 1479 2056 ‚
1505 2005 1586 2047 ὅτε.
1607 2008 1796 2047 Omnino

805 2071 959 2114 viridis
980 2088 989 2111 :
1013 2072 1120 2114 folia
1139 2075 1286 2117 sessilia
1306 2080 1793 2132 tripinnatetenuiffima
1837 2067 1840 2071 Δ

797 2142 893 2189 fere
935 2150 1156 2193 Matricar.
1200 2153 1521 2208 chama-milli,
1569 2158 1644 2201 sed
1677 2161 1791 2200 den-

794 2220 908 2263 siora
928 2257 939 2275 ,
981 2225 1164 2265 odorem
1188 2229 1432 2280 camphora:
1464 2242 1637 2284 gratum
1671 2233 1793 2286 spar-

807 2310 932 2352 gunt

744 2371 934 2426 Infipida‚
975 2387 1061 2413 aux
1097 2373 1219 2414 Baux
1239 2405 1253 2424 ,
1279 2388 1359 2417 nec
1392 2379 1496 2420 alibi
1528 2381 1633 2423 visa.
1664 2383 1792 2425 Folia

795 2451 838 2490 bi
863 2452 1042 2504 pinnata
1062 2454 1219 2494 incana
1237 2485 1249 2506 ,
1270 2456 1411 2497 media
1431 2459 1524 2500 tere
1547 2460 1660 2502 inter
1683 2462 1793 2506 duas

796 2526 1027 2578 sequentes
1056 2527 1246 2582 species,
1270 2528 1342 2571 sed
1364 2532 1550 2575 inodora
1579 2534 1790 2592 infipida,

799 2605 928 2656 plana
948 2637 960 2656 ,
998 2605 1148 2656 planta
1179 2619 1330 2660 reptat.

742 2675 1062 2726 Tanacetffolia.
1089 2695 1139 2720 au
1161 2681 1350 2725 Lautarct
1384 2688 1430 2728 in
1467 2689 1625 2735 Oisans
1663 2699 1704 2736 δε
1738 2699 1784 2742 in

804 2751 912 2791 locis
950 2753 1121 2793 vicinis.

731 2826 956 2880 Abfintum.
996 2828 1041 2867 in
1081 2831 1284 2872 omnibus
1309 2833 1418 2875 locis
1454 2841 1608 2890 apricis
1648 2846 1780 2896 aridi.

808 2897 1020 2955 petrofis,
1059 2900 1114 2943 ad
1133 2903 1285 2958 Corp,
1324 2921 1377 2947 au
1411 2905 1609 2969 Devoluz.
