2007 3593
730 215 1245 274 EDITORI&
1732 203 1786 292 ἡ

166 319 247 377 nis
274 365 290 393 ,
336 341 459 379 rura
518 318 826 395 horumque
870 313 1035 392 spolia
1087 330 1200 371 tarn
1230 308 1507 372 ardenter
1555 312 1780 384 amavi,

164 422 382 479 campos
417 402 586 460 etiam
628 399 963 480 Lugdunaeos
994 395 1261 454 indefesse
1298 398 1365 454 ad
1398 417 1601 453 annum
1625 415 1777 473 1773

163 485 475 565 peragravi,
520 483 775 541 undecim
820 480 1093 538 his·annis
1142 499 1295 537 1200
1367 477 1568 556 species
1606 476 1782 535 colle-

161 566 262 645 gi,
314 570 503 625 harum
547 564 822 644 plerasque
875 563 1095 641 proprio
1136 578 1313 620 marte
1360 560 1725 619 determinavi
1760 607 1780 633 ‚

159 649 393 710 incertas
432 650 499 707 ad
533 648 622 707 sua
660 669 863 730 genera
908 646 1126 726 redegit
1169 644 1438 704 celeberr.
1480 645 1780 703 Gouanius.

162 731 277 789 Has
355 754 552 792 omnes
639 754 763 789 curn
837 729 983 787 libris
1046 734 1103 787 &
1175 728 1374 786 musaeo
1426 773 1443 802 ‚
1494 727 1781 786 Grodnam

161 815 410 874 transtuli
450 863 467 891 ‚
515 812 711 893 hasque
757 812 932 872 Vilnae
989 811 1254 889 dereliqui
1304 832 1429 869 cum
1473 809 1782 867 innumeris

161 896 274 955 aliis
295 898 536 977 Alpinis,
557 897 810 956 Pirenaeis
833 941 850 970 ‚
875 893 1198 972 Hispanici3‚
1226 917 1350 970 quas
1375 893 1590 971 propria
1616 914 1783 950 manu

159 978 272 1060 legi
309 1004 322 1037 ε
365 983 533 1040 redux
559 981 617 1038 in
653 980 883 1058 patriam
907 1023 924 1053 ,
971 998 1117 1035 novo
1159 977 1356 1035 ardore
1398 977 1601 1054 patrios
1628 996 1783 1033 cam-

164 1084 261 1139 pos
314 1062 531 1122 lustravi
581 1105 606 1138 ,
669 1064 742 1121 de
808 1082 954 1119 novo
990 1059 1154 1138 spolia
1209 1058 1354 1118 fiorae
1409 1060 1467 1115 in
1530 1058 1784 1116 herbario

161 1148 371 1227 coegi,
403 1168 726 1205 communes
769 1147 834 1203 ad
860 1145 968 1202 duo
1015 1142 1260 1201 milliaria
1299 1139 1576 1200 verificavi
1613 1186 1629 1215 ,
1657 1141 1780 1219 plu-

149 1229 322 1288 rimas
348 1252 487 1289 raras·
531 1229 776 1287 nondum
823 1227 958 1285 olim
998 1243 1239 1304 repertas
1284 1225 1541 1297 obtinui,
1595 1223 1776 1283 alum-

157 1331 256 1370 nos
282 1310 425 1372 florae
446 1312 731 1371 nonnullos
759 1358 774 1386 ,
827 1330 1036 1389 quaque
1072 1310 1162 1367 die
1189 1355 1204 1382 ‚
1230 1309 1296 1367 ad
1320 1306 1778 1368 herborisationes

159 1391 317 1475 mifi3
343 1393 523 1475 ficque
552 1396 620 1454 de
643 1417 787 1454 novo
812 1394 1033 1453 Floram
1060 1391 1135 1451 sat
1166 1390 1497 1471 locupletem
1552 1391 1789 1472 arripui,

158 1474 252 1535 sed
316 1500 548 1557 paupera
601 1479 774 1537 adhuc
818 1478 874 1535 in
924 1492 1074 1534 textu
1109 1494 1369 1554 apparet,
1412 1474 1780 1551 comparando

155 1581 283 1618 cum
329 1564 552 1644 egregia
590 1561 839 1622 Turretii
865 1558 1128 1618 Chloride
1156 1604 1172 1633 ,
1201 1581 1311 1637 quae
1339 1557 1631 1616 secundum
1667 1579 1776 1615 vo-

155 1642 342 1702 lumen
369 1647 670 1723 terminat,
723 1666 826 1724 qua
850 1643 1059 1701 constat
1103 1664 1260 1722 agros
1314 1641 1649 1722 Lugdunaeos
1709 1640 1777 1698 ad

156 1746 237 1808 24
281 1728 526 1788 milliaria
568 1750 723 1788 2000
767 1727 1065 1805 specierum
1103 1726 1406 1805 plantarum
1455 1724 1772 1801 producere.

156 1810 224 1868 ab
248 1833 390 1870 anno
422 1834 574 1894 1774
605 1858 620 1884 ‚
645 1812 762 1889 post
787 1826 1100 1890 peragratos
1135 1825 1354 1866 montes
1377 1805 1772 1886 DelphinaleS,

155 1894 423 1953 Pirenaeos
448 1942 463 1968 ,
511 1896 828 1955 Helveticos
856 1940 871 1967 ‚
910 1893 978 1950 ad
1002 1914 1203 1950 annum
1245 1893 1444 1970 1782,
1482 1890 1651 1949 varias
1672 1890 1773 1950 Li-

157 1978 387 2035 thuaniae
414 1981 605 2036 stacius
630 1978 846 2036 lustravi
876 2022 892 2050 ‚
950 1974 1229 2054 plerosque
1265 1995 1431 2056 pagos
1468 1975 1609 2033 circa
1631 1975 1775 2031 Var-

156 2057 356 2118 soviam
399 2059 644 2120 visitavi:
692 2058 766 2119 fic
810 2075 936 2118 nata
981 2059 1063 2117 est
1112 2057 1327 2116 Chloris
1373 2056 1581 2136 prorsus
1629 2077 1773 2116 nova

158 2165 318 2221 quam
370 2146 427 2202 in
477 2148 575 2203 hac
624 2145 867 2202 editione
907 2163 1181 2220 apponere
1221 2140 1366 2199 volui
1408 2144 1461 2197 &
1511 2139 1692 2215 debui.

237 2227 430 2286 Tertia
474 2228 687 2287 Chloris
727 2250 838 2306 quae
876 2226 1176 2284 editionem
1214 2224 1452 2282 nostram
1498 2223 1769 2297 adornat,

157 2309 498 2387 Delphinalis
558 2311 894 2377 nominatur,
948 2311 1107 2367 Hanc
1131 2304 1440 2365 ditiffimam
1475 2350 1500 2381 ,
1537 2328 1771 2364 numero

157 2391 459 2468 specierum
489 2443 503 2468 ‚
534 2395 871 2453 Helvetianae
914 2414 1099 2469 parem
1129 2438 1144 2463 ,
1175 2391 1437 2449 debemus
1472 2391 1610 2448 Viro
1654 2390 1771 2447 stu-

156 2477 337 2550 pendae
362 2477 661 2561 sagacitatis
700 2475 1067 2549 Villar33iste
1130 2475 1333 2532 nullum
1418 2495 1528 2530 non
1592 2474 1772 2530 movit

158 2558 390 2635 lapidem
435 2580 496 2620 ut
539 2583 732 2620 omnes
774 2561 977 2640 species
1022 2581 1131 2638 quae
1177 2558 1232 2616 in
1293 2557 1511 2616 vallibus
1547 2603 1564 2631 ,
1639 2556 1768 2635 (*)

211 2780 270 2830 ('‘
290 2783 308 2830 )
327 2781 420 2824 Jam
444 2785 553 2824 olim
576 2783 748 2837 plurimi
780 2783 969 2825 celebres
992 2783 1197 2826 Botanici
1220 2815 1232 2834 ‚
1268 2784 1450 2835 rariores
1485 2781 1768 2835 delphinatus

154 2852 383 2904 prasertim
415 2854 646 2900 Carthufiae
682 2855 857 2905 majoris
890 2857 1162 2908 indicarunt,
1208 2858 1286 2896 has
1320 2855 1448 2907 Alpes
1476 2853 1569 2895 fere
1609 2867 1762 2896 ornnes

155 2925 281 2975 hujus
319 2929 357 2967 δι
389 2929 663 2982 praeccdentis
703 2928 849 2974 saeculi
889 2941 1175 2983 peragrarunt
1211 2928 1552 2980 Boranophiui,·
1584 2928 1720 2968 Raius
1743 2961 1758 2979 ,

153 2995 492 3054 Turnefortius,
527 3002 808 3044 Barrellerius
825 3038 836 3055 ‚
875 3001 1018 3045 Jusseii
1043 3001 1206 3044 fratres.
1228 3002 1347 3042 Inter
1376 3000 1642 3052 antiquiores
1663 3002 1753 3043 Da-

150 3070 417 3130 lecampius,
478 3076 666 3119 Bauhini
697 3108 710 3131 ,
755 3076 835 3118 διε.
881 3075 955 3120 sed
1007 3077 1123 3121 inter
1182 3079 1262 3118 hos
1310 3086 1419 3134 ‚non
1459 3075 1756 3119 omnittendus
