2007 3593
660 138 1344 208 DELPH-INALIS.
1723 130 1799 194 uf

185 237 229 291 Τ
245 239 332 289 Rl
352 237 392 284 T
407 237 431 283 1
444 238 480 284 C
504 235 548 284 U
569 235 633 281 M.
749 234 982 288 Hybernum
1000 230 1156 274 seritur
1174 229 1337 282 ubique
1356 221 1578 279 frequensss
1613 232 1621 235 s

745 309 1007 363 compositum
1027 306 1181 349 seritur
1202 306 1250 345 in
1281 303 1578 345 calidioribus,

740 380 884 436 Spelra
904 379 1059 422 seritur
1076 383 1123 421 in
1139 379 1295 424 vallib,
1309 379 1540 419 montium.

741 459 1033 502 Monococcum
1060 455 1214 499 seritur
1227 467 1370 498 verno
1390 460 1604 507 tempore.

736 534 933 579 Junceum
965 537 1134 578 habitat
1164 532 1285 576 secus
1311 519 1476 574 Isaram
1501 562 1512 582 ‚
1537 530 1735 569 Dravum
1752 527 1808 568 in·

805 610 1018 655 sabulosis
1048 612 1191 655 nudis.
1210 611 1338 653 Folia
1361 610 1521 664 glauca
1532 604 1676 660 rigida
1698 609 1828 646 con-¹

806 693 985 736 voluta.v

751 765 919 820 Repens
938 765 1054 805 inter
1070 762 1237 817 segetes
1261 762 1301 801 8<
1324 760 1443 803 olera
1462 760 1507 799 in
1546 757 1640 799 solo
1677 754 1807 796 incli-

805 849 913 881 nato
940 869 951 889 ,
983 838 1030 877 in
1058 835 1334 890 planioribus
1384 847 1491 877 vero
1511 867 1524 889 ,
1560 835 1705 876 minus
1720 827 1806 873 fre-

813 927 954 970 quens
971 947 984 968 ,
1014 914 1158 954 minus
1180 911 1356 951 noxius.
1579 897 1583 902 ’

755 990 1011 1034 Bfaritimum
1029 990 1076 1030 in
1114 985 1305 1028 collibus
1338 982 1467 1025 aridis
1503 981 1617 1022 circa
1640 980 1808 1023 Valen-

809 1068 933 1107 tiam.

754 1142 973 1186 Tenellum
994 1141 1164 1183 habitat
1180 1131 1553 1180 circaLavaldens
1575 1130 1696 1173 secus
1722 1138 1811 1169 tor·

805 1226 974 1258 rentem
1002 1215 1078 1267 qui
1105 1212 1266 1252 vallem
1297 1206 1522 1262 percurrit.

758 1290 1012 1334 Umlatcrate
1041 1288 1156 1328 circa
1178 1285 1419 1337 Gratianop
1470 1281 1525 1322 ad
1548 1277 1712 1320 Rabou
1745 1285 1814 1316 ra-

806 1369 897 1409 rior
922 1383 932 1417 ;
969 1365 1081 1406 circa
1110 1361 1256 1403 Nions
1279 1359 1406 1398 nimis
1432 1352 1657 1407 frequens,

201 1459 254 1505 M
269 1458 309 1503 O
330 1458 374 1502 N
401 1455 442 1499 T
458 1455 480 1497 Ι
501 1452 552 1497 Α.
765 1444 806 1489 F
807 1458 956 1488 oritana
971 1444 1089 1486 secus
1105 1450 1242 1493 aquas
1283 1435 1481 1490 puriores
1501 1430 1554 1471 ad
1569 1426 1812 1471 Lavaldens

810 1534 949 1579 prope
970 1520 1213 1562 Petit-chat.

200 1608 248 1654 H
275 1606 315 1650 Ο
332 1606 420 1650 Lo
441 1605 467 1649 S
487 1601 578 1646 TE
596 1601 636 1646 U
658 1598 721 1642 M.
757 1593 1030 1638 Umbellamm
1068 1591 1183 1631 inter
1224 1585 1392 1641 segetes
1423 1585 1539 1625 circa
1564 1581 1818 1636 Vapincurn

807 1674 887 1714 ubi
926 1669 1196 1713 decandrum
1225 1663 1440 1706 hirsutum
1478 1664 1517 1702 &
1560 1660 1614 1701 ad
1651 1659 1821 1701 Cham-

810 1752 936 1807 psaur
960 1750 1036 1792 ubi
1057 1746 1299 1790 triandrum
1320 1742 1552 1798 glabrum,
1576 1737 1656 1777 &c.

201 1818 628 1884 PO'LYCARPON.
765 1822 1002 1883 Tetraphjll
1008 1844 1072 1868 um
1097 1828 1144 1866 in
1184 1820 1467 1865 calidioribus
1497 1816 1612 1858 circa
1635 1812 1814 1866 Nions,

806 1910 1053 1961 Vaulreas,
1098 1907 1138 1947 le
1157 1905 1291 1955 Buis,
1317 1900 1395 1942 &c

592 2028 1469 2091 TETRANDRIA.

205 2183 615 2233 GLOBULARIA.
760 2182 942 2237 Alypum
963 2180 1137 2222 circale
1158 2178 1262 2220 Buis
1284 2208 1296 2229 ,
1318 2175 1366 2214 in
1389 2172 1566 2225 rupibus
1587 2168 1757 2223 apricis.

828 2260 1022 2316 Vulgaris
1037 2260 1084 2300 in
1113 2266 1255 2299 mont.
1272 2254 1461 2305 ubique,
1491 2248 1821 2301 sempervirens.

825 2333 1051 2384 cordisolza
1091 2333 1138 2372 in
1161 2329 1390 2372 mentibus
1427 2325 1583 2381 apricis
1620 2322 1787 2374 ubique
1809 2350 1825 2371 ,

873 2410 1076 2465 coespites
1101 2418 1291 2461 magnos
1307 2416 1401 2447 atro
1422 2403 1583 2446 virides
1607 2398 1824 2441 etsormat.

824 2488 1070 2531 Nudicaulis
1108 2488 1152 2527 in
1194 2485 1419 2527 montibus
1457 2478 1631 2533 frigidis
1668 2477 1777 2517 Laus
1809 2504 1826 2525 ,

875 2577 1047 2620 magnae
1080 2561 1301 2618 carthufiae
1324 2593 1336 2613 ,
1359 2559 1412 2600 ad
1442 2566 1636 2600 montem
1657 2548 1830 2593 Rachzt

885 2645 965 2686 &c.

212 2722 256 2766 D
283 2720 356 2764 11³
375 2720 402 2763 S
421 2719 460 2763 A
477 2722 512 2764 C
531 2721 573 2764 U
595 2721 636 2763 S.
771 2719 989 2762 Fullonum
1005 2717 1170 2770 ubique
1195 2714 1240 2753 in
1259 2710 1373 2752 arvis
1389 2705 1662 2750 australibus,

766 2792 1009 2835 Lucinianus
1026 2791 1142 2830 circa
1162 2785 1535 2837 Gratianopolim,

770 2867 937 2920 Pilofits
956 2867 1002 2906 in
1027 2866 1137 2907 arvis
1157 2865 1273 2904 circa
1288 2856 1589 2911 Gratianopol.

213 2949 240 2994 S
262 2950 296 2994 C
317 2947 356 2994 A
380 2945 415 2991 B
436 2949 456 2991 1
477 2947 514 2990 O
534 2947 559 2990 S
582 2947 636 2990 A.
771 2940 931 2994 Alpina
971 2941 1016 2979 in
1055 2936 1211 2989 major.
1228 2931 1450 2975 carthusia:
1498 2926 1719 2970 montibus
1741 2922 1827 2976 syl-

823 3029 991 3060 varicis.
