2007 3593
252 235 316 283 In
338 226 505 281 nostro
531 231 678 281 etiam
700 152 1183 298 squammae(h?n†at)ae
1208 230 1530 299 capitulorum
1551 265 1567 293 ,
1588 221 1701 281 funt
1719 225 1845 282 satu<

252 313 357 350 rate
388 301 608 348 coeruleae
633 298 958 363 splendentes.

319 367 489 414 Passtm
515 369 563 415 in
611 369 737 413 arvis
764 367 926 414 inveni
963 381 1118 431 prope
1159 366 1414 415 Grodnam
1435 363 1697 413 florentem
1738 361 1843 411 fine

250 433 404 485 Junii.
445 434 552 481 Per(
573 449 699 480 nnis.

320 500 589 564 Eryngium
616 499 809 562 piarum
835 497 1091 546 caeruie'urn
1114 497 1378 562 campestre
1400 494 1693 545 Polonicum
1720 495 1843 544 Cor-

251 565 359 613 vini
386 570 445 614 ic.
482 564 741 613 Barrelteti
785 577 926 626 1174.
969 562 1186 628 perfecie
1214 564 1414 611 exhibet
1454 560 1628 610 faciem
1663 562 1842 611 nostrae

249 632 429 699 speciei
455 649 461 678 :
509 631 639 678 unde
661 628 777 677 effer
799 646 930 678 mera
953 632 1162 678 varietas
1190 629 1330 676 Plani
1357 629 1564 677 Linnaei.

320 710 428 763 133.
455 696 730 764 Eryngium
756 693 997 761 pussslum.
1028 697 1192 745 Cauiis
1213 693 1599 759 quadriuncialis
1626 728 1642 752 ‚
1678 709 1841 743 ramo·

251 761 333 811 sus
358 801 371 823 ,
412 766 572 812 tenuis
596 798 609 820 ,
651 762 878 811 suicatuS.
912 762 1046 809 Folia
1092 762 1318 817 radicalia
1360 761 1439 808 vix
1468 758 1572 808 basl
1597 760 1794 808 cordata
1823 792 1844 817 ,
1886 802 1887 805 ,

253 831 473 896 oblonga
495 865 509 888 ‚
552 828 693 878 incisa
720 865 731 884 ‚
772 825 900 876 'lobis
927 824 1351 893 serato-spinosis
1374 843 1389 885 ;
1410 827 1597 874 caulina
1619 823 1840 891 profun-

252 897 360 945 dius
399 894 541 945 incisa
576 933 588 955 ‚
629 895 756 942 iobis
793 895 1014 959 quinque
1052 894 1258 943 dentato
1298 890 1543 957 spinofis3
1584 892 1841 942 latioribus

254 980 403 1030 quam
431 965 479 1011 in
525 961 916 1028 praecedentibus
940 959 1215 1025 speciebus.
1261 957 1511 1007 Involucri
1549 957 1716 1007 foliola
1755 956 1839 1008 sex

251 1030 560 1088 lanceolata,
608 1029 664 1077 ad
692 1029 845 1075 latera
883 1044 984 1074 uno
1012 1044 1095 1075 aut
1148 1028 1301 1076 altero
1349 1025 1501 1074 dente
1549 1025 1845 1092 spi'nosonou

254 1095 629 1159 tatasssapitula
653 1091 814 1143 seffiiia
842 1093 1102 1145 involucro
1123 1093 1275 1160 duplo
1301 1093 1529 1142 breviora
1577 1091 1839 1159 squammis

254 1163 431 1215 ereffis
467 1159 692 1224 spinosis.
1774 1221 1779 1224 ἢ

323 1229 442 1289 Obsiv
472 1228 612 1277 Rami
642 1227 778 1276 nullo
804 1226 955 1275 modo
979 1226 1313 1276 caerulescunt.
1343 1227 1483 1274 Estne
1513 1223 1716 1292 iimplex
1748 1241 1839 1274 va-

251 1296 405 1346 rietas
442 1295 650 1362 Eryngii
668 1292 800 1354 plani
829 1300 845 1344 ἶ
887 1310 968 1342 aut
995 1295 1164 1359 potius
1188 1294 1464 1360 Eryngium
1483 1294 1698 1353 pufillum
1721 1290 1839 1341 Lin-

251 1363 390 1414 naei?
432 1363 601 1410 inveni
626 1377 738 1409 cum
780 1358 1047 1409 seminibus
1088 1360 1251 1408 mense
1296 1361 1582 1420 Septembris
1614 1362 1663 1410 in
1708 1360 1840 1408 arvis

251 1445 412 1497 prope
440 1427 672 1478 Grodnam
690 1427 744 1474 'in
770 1428 882 1474 loco
914 1424 1049 1475 dicio
1078 1426 1362 1474 Poniemun:
1409 1428 1586 1476 eodem
1609 1433 1837 1493 tempore

252 1497 309 1547 δε
333 1500 385 1546 in
411 1495 586 1543 eodem
610 1495 724 1542 loco
752 1492 920 1544 inveni
963 1490 1226 1558 specimina
1268 1490 1482 1558 ejusdem
1527 1492 1840 1559 magnitudi-

250 1563 331 1613 nis
354 1597 368 1621 ‚
409 1561 555 1611 ramis
581 1560 630 1609 δε
670 1559 894 1623 capitulis
916 1560 1239 1608 amethistinis
1264 1593 1279 1616 ‚
1323 1558 1675 1610 deficientibus
1700 1555 1839 1608 foliis

247 1628 585 1688 radicaiibu53
627 1625 701 1675 sed
725 1624 859 1675 foliis
894 1627 1099 1674 caulinis
1124 1624 1445 1675 inferioribus
1469 1662 1484 1687 ‚
1523 1625 1574 1673 &
1608 1625 1657 1674 su
1699 1625 1835 1675 erio-—

249 1697 391 1748 ribus
415 1733 430 1756 ‚
470 1692 591 1743 ficut
617 1693 886 1741 innotueris
911 1729 925 1752 ‚
967 1707 1063 1741 tarn
1103 1689 1322 1756 perfecie
1353 1689 1635 1741 referebant
1664 1644 1837 1758 {ryn-

248 1764 386 1831 gium
408 1758 629 1823 pussllum
668 1758 1026 1822 Ametbisl‘inurn
1068 1759 1329 1807 Barrelieri
1373 1759 1473 1808 tab.
1515 1759 1607 1824 376
1633 1755 1667 1808 f.
1703 1772 1746 1825 3.
1779 1772 1836 1810 ut

246 1831 391 1880 nullo
426 1828 578 1877 modo
619 1825 846 1876 dubitem
894 1860 910 1884 ,
966 1825 1089 1891 quin
1140 1826 1468 1876 delineaveri't
1509 1826 1595 1875 iste
1639 1822 1839 1876 Αυέὶοι·

249 1895 454 1966 prorsus
477 1891 626 1943 fimile
650 1890 910 1958 specimen.

313 1963 502 2011 Verum
534 1959 805 2025 Eryngium
835 1958 1212 2024 amethystinum
1253 1958 1476 2007 deleatur
1506 1956 1555 2007 in
1593 1955 1839 2009 Chloride

247 2025 532 2080 Grodnenfi
554 2062 568 2084 ,
600 2042 712 2074 nam
731 2025 1058 2077 Varsoviense
1087 2024 1332 2092 specimen
1355 2059 1371 2084 ,
1392 2025 1458 2073 est
1480 2026 1630 2074 etiam
1652 2018 1834 2076 secun·

246 2097 365 2147 dum
399 2095 636 2143 nostrum.

315 2175 421 2228 134.
461 2160 759 2209 Heracleum
797 2157 1167 2224 Spbondylium
1189 2157 1245 2208 L.
1271 2157 1321 2206 in
1347 2155 1499 2222 pratis
1521 2154 1736 2206 humidis
1767 2154 1837 2208 sat

248 2227 488 2295 frequens
510 2243 665 2293 prope
695 2225 949 2272 Gtodnam
974 2223 1197 2273 Lososnae
1219 2257 1234 2281 ‚
1277 2223 1327 2273 &
1354 2223 1497 2272 alibi:
1535 2221 1722 2272 florens
1743 2226 1836 2273 Ju—

246 2298 319 2345 lio
346 2317 358 2345 :
403 2294 648 2361 perennis.
675 2292 839 2340 Herba
862 2289 912 2340 δε
941 2290 1121 2340 semina
1142 2290 1268 2339 acria
1291 2328 1305 2351 ‚
1346 2289 1529 2338 leniter
1548 2290 1833 2341 aromatica.

246 2362 492 2430 Spiritum
517 2359 622 2410 vini
645 2358 789 2407 viridi
815 2359 983 2406 coiore
1003 2357 1153 2424 tingit
1177 2394 1191 2416 ‚
1218 2358 1345 2407 hanc
1367 2373 1468 2405 non
1495 2372 1621 2405 amat
1641 2373 1794 2422 pecus
1818 2375 1831 2408 :

241 2430 298 2479 in
338 2444 541 2480 acervos
566 2426 793 2490 congesta
814 2423 1009 2473 sacharo
1033 2426 1245 2473 caustico
1272 2459 1286 2483 ‚
1319 2420 1584 2472 efflorescit
1605 2457 1620 2479 ,
1646 2439 1704 2470 ex
1726 2440 1832 2489 quo

163 2526 168 2532 ·
238 2496 541 2546 fermentato
567 2491 762 2558 spiritus
784 2491 1033 2540 inebrians
1059 2488 1333 2540 formatur:
1380 2488 1465 2554 qui
1490 2487 1665 2556 exigua
1688 2487 1832 2557 copia

244 2577 392 2630 caput
419 2562 581 2610 turbat
607 2594 623 2616 ,
658 2558 925 2625 graviaque
947 2556 1132 2628 som-nia
1160 2556 1289 2604 facit.

310 2637 418 2692 135.
468 2627 764 2675 Heracleum
814 2623 1219 2688 Angustirolium.
1279 2618 1488 2668 Habitus
1545 2616 1830 2685 sphondilii.

239 2695 407 2744 Caulis
435 2692 684 2757 tripedalis
725 2726 740 2749 ,
778 2690 945 2737 striato
969 2688 1177 2737 sulcatus
1201 2724 1215 2746 ,
1250 2679 1482 2750 hispidus.
1525 2686 1664 2746 Foiia
1704 2691 1829 2754 pin-

240 2776 355 2813 nata
380 2795 393 2817 ‚
430 2757 617 2807 foliolis
637 2754 999 2821 angustioribus
1024 2772 1169 2820 quarn
1192 2755 1241 2803 in
1268 2752 1567 2820 praecedenti
1589 2787 1604 2812 ,
1641 2756 1833 2816 acutiss,

235 2828 341 2880 fere
366 2825 555 2890 glabris.
582 2825 743 2872 Petala
776 2820 1059 2871 subviridia.
1808 2828 1809 2833 ’

306 2891 604 2944 Heracleum
638 2884 1022 2953 Angustifolium
1059 2889 1113 2938 L.
1145 2886 1421 2935 communis
1463 2898 1620 2951 prope
1660 2884 1829 2933 Grod-

240 2979 353 3013 nam
381 2960 430 3006 in
454 2957 602 3022 sylvis
629 2954 756 3017 juxta
790 2954 989 3004 Nz'emen
1012 2953 1195 3003 florens
1217 2954 1355 3005 Julio
1381 2971 1400 3015 ,·
1426 2948 1675 3016 perennis.

306 3024 419 3096 136.
459 3023 784 3090 Leserpitium
822 3020 1110 3074 latifolium.
1147 3020 1307 3071 Radix
1348 3017 1492 3071 crassa
1528 3053 1546 3082 ,
1581 3016 1765 3067 odorat

75 2531 85 2553 Β
