2007 3593
737 221 1219 285 EDIT'ORIS
1719 224 1781 317 iij'

165 318 294 401 saepe
323 335 534 380 mutare
561 317 752 377 debuit
779 367 793 393 ‚
824 339 942 380 turn
988 340 1210 400 propter
1256 345 1516 387 novarum
1554 337 1770 410 copiam

164 405 459 482 specierum
478 423 635 479 quam
658 420 879 478 pro-pter
902 407 1256 482 speciminum
1284 410 1531 487 vivorum
1587 416 1775 495 aspec-

95 479 98 481 ⁵
166 490 370 545 tum.In
395 487 618 543 materia
643 486 934 558 medica‚in
952 486 1086 546 flora
1108 490 1351 563 suecica,
1370 498 1775 563 amoenitatibus

163 569 484 627 academicis
542 568 708 625 varias
777 567 1074 646 specierum
1134 573 1394 632 utilitates
1443 584 1716 658 proposuit
1752 632 1777 659 ,

161 652 219 708 in
266 651 448 728 hisque
493 650 743 727 operibus
789 672 950 710 novas
1026 653 1433 715 observationes
1497 659 1628 739 saepe
1679 665 1779 724 sx-

162 737 279 811 pius
322 732 522 810 obtulit
564 781 584 805 ‚
632 735 856 791 tandem
899 733 991 792 sub
1037 732 1151 793 fine
1207 739 1454 797 curriculi
1492 768 1509 815 5
1558 742 1776 809 sistema

160 817 503 894 plantarum,
557 814 757 874 edente
799 815 1163 875 celeberrimo
1185 820 1442 896 discipulo
1497 827 1706 888 Murrai
1753 879 1778 906 ,

162 915 417 977 tanquam
468 896 720 954 ultimum
787 918 1058 957 conamen
1128 902 1335 983 ingenii
1382 945 1407 975 ,
1442 908 1560 965 orbi
1621 910 1776 971 Doc-

161 998 345 1040 torum
374 980 708 1038 monstravit.
735 982 800 1039 In
832 981 911 1039 his
936 982 1188 1041 omnibus
1232 986 1485 1061 operibus
1526 993 1795 1055 nesciunt.

157 1065 367 1143 periti,
419 1063 546 1141 quid
572 1062 897 1124 laudandum
938 1065 1113 1145 magis
1137 1112 1152 1138 ‚
1193 1089 1260 1124 an
1301 1067 1419 1126 sana
1457 1069 1631 1152 logica
1678 1100 1776 1139 aut:

158 1148 312 1228 rigor
354 1144 792 1203 observationum
832 1161 925 1203 aut
979 1147 1365 1227 descriptiones
1405 1170 1565 1212 antea
1595 1181 1775 1234 perac-

158 1246 338 1287 tarum
384 1229 635 1287 omnium
676 1229 1036 1288 accuratiores
1076 1257 1092 1301 3
1156 1253 1349 1290 omnes
1383 1237 1616 1311 probant
1671 1264 1776 1324 ge-

157 1332 333 1386 nera;
410 1333 602 1369 omnes
665 1310 964 1388 specierum
1011 1315 1339 1373 chara&e1·es
1403 1319 1701 1383 admictunt
1749 1375 1771 1401 ,

157 1416 353 1452 omnes
377 1392 687 1452 numerosas
720 1393 1128 1454 observationes
1153 1395 1397 1478 physicas
1422 1446 1437 1473 ‚
1474 1413 1773 1468 oeconomi-

156 1499 281 1551 cas,
330 1478 562 1535 medicas
586 1523 601 1547 ,
632 1477 791 1535 utiles
820 1481 875 1534 &
913 1499 1066 1537 veras
1111 1481 1383 1557 accipiunt
1406 1502 1430 1549 ,·
1473 1485 1563 1543 sed
1601 1492 1772 1564 pluria

141 1560 237 1617 *mi
291 1556 503 1617 fistema
560 1560 910 1618 Linnaeanum
970 1559 1060 1618 seu
1120 1565 1443 1622 methodum
1506 1569 1618 1627 aliis
1657 1597 1774 1635 nort

156 1659 517 1719 anteponunt,
568 1644 768 1724 Magni
807 1644 1042 1702 nominis
1099 1646 1249 1720 viri,
1297 1646 1584 1722 Hallerus‚
1652 1657 1772 1717 Jus-

157 1722 316 1783 sieius
341 1771 356 1798 ,
404 1725 682 1783 Heisterus
703 1772 718 1798 ,
755 1725 1093 1785 Adansonius
1125 1775 1138 1799 ,
1170 1728 1412 1801 (Ederus,
1438 1732 1491 1789 in
1534 1736 1638 1793 hoc
1677 1738 1772 1796 fis„

158 1824 368 1866 temate
412 1808 696 1866 numerosa
736 1810 868 1866 vitia
906 1809 1274 1887 invenerunt3
1318 1812 1404 1868 alii
1444 1820 1773 1883 methodum

155 1890 443 1968 increpant
503 1913 613 1968 quae
663 1891 867 1966 objeeha
915 1890 1230 1972 plerumque
1273 1895 1359 1952 vix
1406 1894 1638 1961 lentibus
1667 1929 1771 1965 oc..

156 1974 402 2051 cupanda
454 1994 551 2049 pro
596 1971 704 2032 basi
759 1973 1212 2034 observationum
1251 1974 1418 2034 offert
1466 2032 1481 2055 ‚
1537 1983 1627 2041 alii
1669 2010 1767 2048 nu..

154 2055 394 2114 merosas
419 2058 708 2114 varietates
749 2058 808 2114 in
854 2078 1084 2116 numero
1122 2060 1410 2118 staminum
1441 2084 1769 2148 exponunt,

154 2139 271 2197 Alii
307 2140 580 2198 intricatas
612 2185 628 2211 ,
689 2140 1027 2218 nimiumque
1072 2139 1309 2201 difficiles
1357 2145 1538 2205 claffes
1585 2152 1776 2236 desig-

155 2238 291 2280 naut
336 2263 361 2294 ,
408 2218 815 2303 fingenessam‚
843 2223 1243 2304 polygamiam.
1290 2225 1514 2286 Plurimi
1567 2256 1770 2310 gener}

155 2301 537 2362 naturaliffima
595 2306 649 2362 in
716 2309 820 2363 hoc
865 2303 1138 2365 sistemate
1182 2308 1413 2366 lacerata
1459 2310 1718 2377 revocant
1747 2369 1771 2392 ,

157 2388 470 2468 gentianam
497 2388 786 2446 achloride
810 2431 834 2462 ,
856 2389 1166 2469 Lychnides
1198 2413 1226 2448 a
1246 2392 1511 2451 cucubalis
1536 2443 1550 2466 ,
1580 2399 1772 2463 affines

157 2470 411 2547 plurimas
453 2469 650 2547 species
696 2471 1024 2552 disgregatas
1070 2499 1088 2554 3
1134 2472 1222 2531 sed
1263 2496 1446 2532 nonne
1491 2477 1600 2539 aliae
1640 2508 1776 2545 me..

159 2555 309 2610 thodi
358 2551 555 2611 ssmiles
608 2551 946 2612 difficultates
1001 2603 1015 2628 ,
1090 2557 1425 2635 majoresque
1476 2569 1772 2630 anomaliag

156 2631 418 2693 offerunt.
470 2637 674 2716 Nonne
722 2636 954 2714 ipsemet
1015 2641 1253 2698 Linnaeus
1303 2644 1514 2700 monuit
1569 2648 1774 2729 ubique

106 2788 111 2794 .
154 2718 210 2773 in
243 2715 711 2792 annotationibus,
741 2720 1185 2799 quotiescumque
1210 2747 1463 2783 numerus
1485 2727 1780 2794 staminum

156 2800 467 2860 inconstans
515 2801 693 2878 paslim
731 2804 932 2887 frangit
973 2803 1154 2864 classes
1192 2809 1458 2866 naturales
1487 2835 1497 2866 :
1523 2814 1600 2870 ast
1640 2834 1778 2894 quot:

159 2881 392 2962 systema
441 2884 783 2942 Linnaeanum
835 2933 849 2958 ,
905 2886 1210 2955 novissimas
1255 2889 1658 2954 observationes
1685 2922 1778 2957 an-

161 2983 250 3023 tea
293 2967 655 3043 praetcrmill'as
697 2969 1098 3051 botanophyllis
1134 2974 1335 3031 obtulit
1363 3017 1384 3046 ,
1407 2999 1516 3052 qua:
1541 2981 1638 3036 hac
1661 3004 1780 3039 me-

164 3049 334 3128 thodo
360 3071 469 3108 non
491 3049 765 3110 elaborata
792 3049 1093 3128 deficerent
1115 3102 1133 3135 ‚
1160 3056 1249 3115 sed
1280 3057 1488 3150 quaeso3
1514 3064 1567 3119 in
1597 3061 1780 3150 syste-⁴¹

1354 3163 1387 3197 α
1431 3163 1471 3219 ¹]
