2007 3593
203 181 272 218 12

200 269 604 326 SCABIOSA‚

227 1653 632 1702 SCHERARDIA.

231 1761 272 1807 A
284 1762 307 1807 S
322 1761 354 1805 P
367 1760 402 1804 E
417 1760 462 1803 R
474 1759 518 1804 U
537 1758 570 1801 L
585 1756 637 1801 A„

242 2243 580 2295 GALIUM.

796 159 847 225 F
884 178 920 223 τ,
962 180 1005 224 o
1052 176 1098 226 R
1138 171 1183 225 Α·

748 273 918 332 'Succistz
949 281 996 322 in
1016 284 1148 336 pratis
1185 284 1382 329 humidis
1417 289 1604 333 vallium
1647 286 1778 329 etiam
1803 302 1820 330 τ

805 355 973 400 hirsuta
1015 357 1240 401 invenitur
1292 361 1405 403 circa
1446 365 1593 406 locum
1629 370 1631 373 ’
1662 362 1824 407 ᾶίἃυτη

807 438 1084 491 Vaulnarey.

758 508 952 565 Arvcnfis
972 515 1018 553 in
1038 518 1155 561 arvis
1173 519 1304 559 aridis
1322 513 1575 559 australibus
1589 514 1711 556 foliis
1728 525 1825 555 om-

812 585 943 626 nibus
965 588 1236 639 pinnatifidis
1256 592 1295 629 δε
1317 587 1581 632 radicaiibus
1599 586 1823 628 lanceolaa

813 661 865 699 tis
887 658 1136 703 conflantes
1152 667 1374 717 reperitur.

754 733 966 786 Sylvatica
979 738 1025 775 in
1049 738 1303 778 nemoribus
1322 738 1552 792 frequens,

765 805 1004 848 Gramuntia
1025 809 1159 851 habit.
1200 811 1246 851 in
1286 812 1573 856 calidioribus
1594 847 1608 868 ,
1659 791 1826 863 Pierre⁴

816 887 916 928 late.

781 960 1033 1002 Columbaria
1092 961 1192 1004 hab.
1245 962 1293 1003 in
1356 966 1613 1008 monticuiis
1676 962 1836 1020 {apricis

820 1036 999 1090 ubique.

779 1110 940 1153 lucida
959 1115 1037 1156 vil.
1059 1117 1105 1157 in
1125 1115 1261 1169 sylvis
1277 1114 1491 1159 umbrofis
1513 1117 1671 1170 alpinis
1690 1114 1838 1158 :foliis

831 1190 1090 1232 lanceolatis
1123 1191 1272 1232 nitidis
1302 1222 1314 1242 ,
1345 1203 1369 1231 a
1388 1189 1649 1244 praecedenti
1677 1183 1843 1230 differt.

768 1260 1067 1316 'Graminifolia
1083 1267 1183 1307 hab.
1207 1268 1257 1307 in
1269 1265 1496 1308 montibus
1511 1262 1725 1306 schistofis
1747 1265 1843 1318 gia·

822 1334 955 1377 reofis
972 1360 984 1380 ,
1021 1338 1236 1390 pultaceis
1257 1372 1268 1390 ,
1290 1336 1551 1379 australibus
1570 1371 1582 1391 ,
1607 1337 1724 1378 circa
1743 1337 1839 1378 Va·

817 1414 1011 1466 pineum.

773 1482 1034 1527 'Ochi-oleum
1070 1491 1118 1529 in
1155 1489 1439 1531 calidioribus
1463 1521 1476 1543 ,
1508 1491 1625 1532 circa
1676 1489 1842 1534 limites

834 1562 1226 1617 Galloprovinciae.

787 1653 981 1720 Aryenfis
1002 1656 1167 1709 ubique
1181 1658 1228 1698 in
1244 1659 1356 1700 arvis
1373 1659 1412 1699 8<
1443 1659 1614 1708 fimetis.

786 1755 974 1797 Odor-ata
988 1755 1034 1794 in
1049 1750 1168 1794 filvis
1187 1750 1399 1793 umbrosis
1415 1753 1638 1796 abietinis.

780 1834 974 1889 Arvenfis
1002 1833 1118 1873 inter
1134 1829 1301 1886 segetes
1323 1831 1611 1873 australiores.
1681 1863 1695 1883 5

795 1911 977 1953 Taurina
994 1912 1042 1952 in
1068 1908 1203 1964 sylvis
1224 1908 1338 1948 circa
1355 1908 1624 1961 Vapincum.

790 1984 1040 2037 Cynanchica
1080 1982 1128 2021 in
1157 1982 1413 2022 monticulis
1439 1978 1654 2022 schistofis
1693 1981 1734 2021 81
1753 1993 1850 2024 ver-

846 2058 958 2100 suris
978 2056 1106 2098 aridis
1139 2057 1294 2110 apricis
1313 2089 1324 2109 ,
1352 2054 1575 2108 frequens.

795 2137 1012 2196 laevigata
1032 2138 1078 2176 in
1097 2132 1215 2175 silvis
1236 2133 1521 2175 calidioribus
1539 2163 1553 2184 ,
1577 2131 1737 2181 rarior..

794 2235 980 2291 Palustre
1001 2235 1047 2275 in
1067 2233 1181 2276 fossis
1207 2234 1323 2274 circa
1340 2233 1647 2286 Gratianopol.

792 2316 1042 2359 Montanum
1074 2314 1134 2354 ita
1163 2324 1274 2355 voce
1309 2310 1408 2353 Gal.
1434 2309 1467 2352 s.
1499 2310 1731 2372 obliquum
1754 2305 1857 2347 aris-

848 2406 988 2438 tatum
1009 2393 1104 2432 vill.
1131 2390 1232 2431 hab.
1259 2389 1426 2441 ubique
1445 2387 1491 2427 in
1511 2385 1678 2441 pascuis
1699 2384 1739 2424 ὅ(
1759 2393 1858 2425 ver-
1919 2395 1932 2399 s

849 2470 962 2512 suris
985 2469 1157 2523 apricis.

791 2549 1060 2605 'Uliginosum
1081 2547 1183 2586 hab.
1206 2547 1253 2586 in
1272 2545 1402 2598 pratis
1423 2542 1629 2585 humidis,

791 2613 984 2681 Spurium
1004 2627 1116 2666 inter
1136 2623 1338 2677 segetes,
1367 2617 1650 2661 australiores.

793 2706 981 2749 Saxatile
1000 2706 1115 2746 circa
1129 2701 1419 2745 Ebrodunum
1433 2700 1478 2740 in
1501 2694 1724 2738 montibus
1740 2691 1862 2736 secus

857 2795 1070 2826 torrentes
1094 2779 1328 2837 glareosOS.

797 2860 1004 2916 Pufillum
1046 2859 1164 2900 secus
1215 2867 1427 2899 torrentes
1486 2854 1649 2906 alpium
1699 2849 1865 2900 ubique
1895 2892 1897 2894 ,

859 2937 955 2980 fere
976 2970 986 2989 ‚
1014 2935 1194 2977 floribus
1235 2931 1483 2978 umbellatis
1519 2927 1631 2972 albis
1648 2925 1748 2969 fatis
1765 2935 1862 2969 mas

857 3017 957 3069 gnis
974 3010 1272 3065 distinguitur.
