2007 3593
205 212 262 270 ὴ
752 213 1278 272 PRAEFATro

208 330 356 372 mate
402 312 870 371 Tournefortiano
903 358 918 385 ‚
944 329 1077 392 quot
1102 333 1304 391 genera
1348 313 1529 392 rigore
1576 314 1826 374 methodi

196 397 421 454 fuerunt
444 395 781 462 lacerata3in
802 395 972 470 prima
1000 398 1055 451 &
1076 393 1304 453 secunda
1321 395 1478 453 classe
1508 398 1772 477 gentianae
1801 442 1821 470 ‚

199 482 568 559 menyanthes
592 523 607 550 ,
636 475 878 552 asperulae
906 521 922 550 ,
944 477 1267 552 canipanulae
1317 502 1328 534 :
1372 495 1505 555 quot
1530 478 1710 537 classes
1737 479 1834 536 di*

194 561 380 632 vulsae3
406 561 552 619 unde
596 558 847 616 omnibus
878 556 1410 636 pensitati5,saltem
1460 562 1590 639 atqui
1640 582 1825 620 rerum

190 645 396 722 judices
438 642 597 701 fateri
641 641 849 699 debent
887 685 903 713 ,
947 638 1183 721 systema
1243 642 1589 700 Linnaeanum
1634 643 1825 700 Tour-

108 791 111 796 f
187 727 411 785 nefortii
462 724 727 784 methodo
833 722 1267 801 aequiparandum
1319 745 1335 798 3
1400 725 1502 782 stat
1557 725 1818 782 Tourne-

186 810 339 867 fortii
406 810 569 886 pinax
613 852 630 880 ,
681 804 1002 886 semperque
1059 804 1192 863 utile
1267 806 1513 864 manebit
1564 848 1590 881 ,
1659 807 1825 866 stabit

189 894 360 950 etiam
408 892 754 948 Linnaeanum
782 934 798 962 ‚
848 903 1039 945 ament
1081 903 1176 967 aut
1217 888 1534 965 vituperent
1581 887 1690 946 tale
1717 888 1826 970 sys-

184 993 333 1034 tema
381 972 782 1050 botanophilli3
850 987 1098 1027 attamen
1146 969 1375 1050 legere,
1434 969 1769 1050 cognoscere
1802 1011 1822 1046 5

179 1061 422 1117 retinere
458 1057 722 1127 nomina,
776 1051 994 1131 phrases
1029 1103 1047 1132 ,
1109 1055 1441 1112 chara&eres
1469 1054 1676 1111 Linnaei
1726 1053 1826 1112 de-
1892 1065 1893 1070 ’

181 1141 318 1200 bent
345 1188 359 1215 ‚
390 1143 444 1197 δί
485 1141 541 1196 in
585 1137 864 1213 posterum
938 1135 1157 1192 illorum
1182 1151 1410 1212 nepotes
1474 1135 1761 1194 debebunt
1801 1159 1819 1193 :

178 1224 353 1282 nullus
380 1221 544 1280 hodie
584 1217 940 1277 substantiam
981 1217 1287 1275 naturalem
1328 1217 1570 1277 indicare
1601 1218 1820 1295 potest,

177 1307 374 1365 omisso
426 1304 650 1362 nomine
706 1300 950 1358 Linnaei:
981 1320 1174 1357 ornnes
1225 1299 1518 1378 praesertim
1571 1299 1822 1359 botanici

178 1413 296 1448 uno
363 1409 460 1445 ore
508 1388 759 1464 pinacem
806 1384 1164 1440 Linnaeanum
1226 1383 1461 1460 amplexi
1511 1382 1638 1441 sunt
1690 1428 1705 1454 ,
1764 1384 1823 1441 hi

184 1475 352 1531 etiam
397 1470 485 1549 qui
532 1467 739 1526 centies
774 1464 903 1523 illud
928 1465 1346 1543 vituperatum,
1404 1465 1623 1545 quando
1661 1463 1824 1523 serni-

181 1577 252 1614 na
291 1571 384 1613 aut
417 1551 715 1631 specimina
776 1551 1048 1621 mittunt,
1121 1548 1348 1604 nomina
1402 1549 1691 1607 Linnaeana
1721 1570 1823 1625 ap-

180 1654 392 1715 ponunt
420 1656 435 1712 3
477 1632 517 1690 fi
553 1634 790 1712 plantam
821 1630 1136 1691 describunt
1166 1675 1182 1703 ‚
1216 1630 1426 1688 Linnaei
1457 1652 1593 1708 opus
1622 1631 1821 1701 citant3

179 1722 327 1779 unde
375 1716 818 1777 concludendum
865 1711 1122 1771 omnibus
1169 1712 1585 1794 botanophyllis
1635 1713 1826 1771 neces.

174 1803 307 1862 saria
357 1797 577 1862 evafisse
632 1797 841 1857 Linnaei
881 1817 1068 1874 opera.
1128 1794 1232 1853 Ast
1281 1796 1503 1873 plurimi
1544 1791 1820 1854 defidera-

165 1888 311 1945 „bant
395 1902 457 1943 ut
545 1882 732 1961 aliquis
829 1877 1149 1959 segregaret
1229 1877 1440 1954 plantas
1521 1880 1820 1955 Europaeas

175 1969 429 2045 adjunffis
499 1982 754 2043 tanquam
842 1959 1117 2041 indige-nis
1168 1961 1400 2018 exoticis
1480 1983 1591 2037 quae
1656 1960 1822 2042 vulgo

177 2055 432 2113 coluntur
493 2049 550 2105 in
618 2038 880 2126 plerisque
953 2043 1144 2100 ’hortis
1221 2041 1552 2102 academicis
1604 2053 1633 2099 ἐ
1691 2054 1817 2102 ete-

175 2139 291 2194 nim
384 2132 623 2210 plerique
707 2123 1092 2205 botanophylli
1174 2123 1497 2204 graviffimis
1580 2126 1821 2204 negotiis

177 2215 479 2278 consecrati
549 2259 565 2288 ‚
630 2209 767 2269 ficut
836 2208 1052 2267 Medici
1119 2250 1137 2278 ‚
1229 2206 1486 2288 Chirurgi
1566 2253 1584 2281 ‚
1655 2209 1819 2266 Phar-

180 2290 437 2377 macopaei
485 2313 577 2353 aut
639 2289 857 2374 Phyfici
885 2343 902 2371 ‚
941 2287 1187 2370 chymici
1217 2334 1233 2363 ,
1280 2291 1366 2348 vix
1442 2309 1634 2348 omnes
1678 2311 1818 2372 cog-

178 2385 400 2443 noscere
451 2379 653 2457 plantas
698 2392 790 2433 aut
829 2374 1043 2451 poffunt
1093 2389 1187 2428 aut
1229 2374 1424 2431 volunt
1467 2394 1483 2450 3
1569 2369 1818 2451 plerique

177 2469 282 2527 hoc
343 2464 536 2541 adagio
600 2455 834 2518 submissi
882 2477 898 2532 3
938 2456 1193 2535 pluribus
1243 2460 1484 2514 intentus
1522 2459 1705 2512 minor
1749 2455 1824 2530 eft

179 2546 494 2623 adfingzzla
529 2544 758 2620 fidus,
805 2557 1126 2597 commune-s
1189 2556 1281 2595 aut
1350 2538 1508 2596 utiles
1545 2553 1639 2594 aut
1699 2536 1816 2615 pul-

174 2638 330 2691 chras
347 2629 549 2705 plantas
570 2625 775 2690 videre}
802 2620 1172 2680 determinare
1187 2621 1431 2698 cupiunt,
1455 2617 1655 2678 omiffis
1676 2641 1815 2676 exo-

182 2717 301 2773 ticis
349 2710 636 2769 rarioribus
674 2749 701 2782 ,
766 2728 891 2784 quas
976 2704 1065 2761 vix
1112 2722 1180 2757 ex
1245 2721 1472 2760 centum
1535 2702 1814 2760 Botanicis

180 2798 373 2857 Doctis
416 2816 547 2851 unus
589 2791 823 2868 aspicere
865 2789 1013 2846 vivas
1056 2785 1273 2860 potuft,
1309 2785 1538 2863 quasque
1582 2784 1812 2861 ipsemet

181 2883 427 2940 linnaeus
478 2876 608 2933 tales
647 2893 917 2949 nunquam
959 2868 1058 2926 ob-r
1083 2868 1220 2932 nuit,
1274 2870 1374 2925 His
1421 2864 1643 2946 expulsis
1689 2888 1811 2941 ma-

182 2980 379 3021 nerent
418 2959 617 3035 species
654 2977 778 3033 quas
817 2958 1077 3009 {mmorta
1099 2949 1144 3005 is
1203 2953 1404 3007 author
1461 2953 1604 3008 vivas
1641 2947 1812 3005 coluit

182 3064 275 3106 aut
324 3043 554 3123 ipsemet
596 3041 916 3117 spontaneas
959 3033 1365 3094 det,rminavit
1410 3051 1503 3091 aut
1549 3034 1606 3090 in
1655 3032 1811 3091 variis
