2007 3593
89 257 94 264 ,
608 193 1299 262 ΒΕᾸᾼΡΗῙῇΑιῙε
1681 209 1751 278 57

149 277 597 346 RANUNCULUS.
707 288 908 343 Reptans.
966 290 1016 330 in
1064 288 1179 347 follis
1226 293 1342 334 circa
1391 291 1752 350 Gratianopolim

760 363 893 406 etiam
932 362 980 402 in
1005 363 1180 418 alpibus
1209 365 1331 418 quod
1367 367 1479 410 bene
1508 372 1750 414 Ammanus

765 443 955 485 notavit.

716 519 896 573 lingua.
918 520 967 560 in
987 518 1103 563 foffis
1123 521 1241 561 circa
1258 519 1413 576 Giaes,
1441 525 1482 561 la
1501 521 1750 567 Galocherc:

763 594 843 637 flos
867 592 1083 651 magnus,
1106 598 1259 651 planta
1279 614 1302 649 4
1318 616 1356 629 -·
1373 600 1397 638 6
1417 597 1596 651 pedaliS.

703 672 961 720 Gramineus.
993 678 1109 719 inter
1137 689 1281 731 rupes·
1302 677 1342 717 &
1374 675 1500 720 filvas
1531 691 1665 732 prope
1691 678 1751 722 les

762 751 888 793 Bau:
913 753 1031 793 circa
1048 753 1301 805 Vapincum
1320 784 1333 806 ‚
1355 751 1564 807 decerpsit
1584 737 1752 797 amiens

763 828 819 870 ad
841 829 1092 882 augendam
1127 827 1357 872 scientiam
1379 842 1502 874 natus
1528 833 1582 873 D.
1605 833 1750 877 Chaix

764 902 921 943 Baucii
947 906 1179 955 parochus.

689 966 937 1036 ’21-''yrenaens⁸
966 980 1013 1020 in
1051 983 1258 1025 omnibus
1278 983 1370 1027 fere
1400 987 1533 1038 pratis
1555 984 1713 1037 alpinis
1730 1015 1745 1037 ‚

761 1060 838 1101 ubi
858 1073 937 1112 pro
951 1063 1124 1106 ratione
1143 1063 1228 1104 loci
1247 1063 1400 1116 variar,
1419 1063 1543 1103 caule
1567 1059 1751 1114 simplici

765 1148 845 1178 aut
879 1138 1054 1180 ramoso
1094 1138 1217 1181 foliis
1255 1140 1491 1193 gramineis
1529 1139 1750 1192 plantagi-

761 1217 883 1269 neis,
918 1216 994 1258 seu
1024 1214 1218 1260 nervosis
1244 1219 1287 1259 bi
1321 1218 1555 1259 trifurcatis
1580 1220 1746 1260 :talem

759 1289 852 1341 legi
886 1290 942 1329 ad
980 1288 1091 1330 Laut
1106 1313 1122 1320 -
1139 1294 1214 1330 de·
1237 1290 1360 1334 GraS.

707 1364 1036 1422 Parnaffisolius.
1057 1368 1105 1412 in
1132 1369 1301 1422 alpibus
1337 1369 1484 1422 OIfans
1506 1370 1591 1410 loci
1616 1381 1748 1410 mon·

760 1443 816 1483 tis
853 1447 900 1483 de
932 1441 1347 1499 Laus-Pied-Meyan
1397 1447 1494 1489 dicii
1534 1448 1687 1487 citatur
1720 1456 1749 1492 a

757 1519 954 1562 Berardo
972 1553 984 1574 ,
1022 1522 1206 1566 Borello
1226 1555 1238 1576 ,
1264 1536 1287 1564 a
1320 1526 1446 1567 nobis
1470 1537 1563 1566 non
1586 1522 1692 1565 visa.

707 1592 883 1637 Ficaria.
915 1593 962 1633 in
994 1595 1126 1648 pratis
1153 1597 1346 1637 humidis
1370 1598 1548 1654 ubique.

702 1670 864 1715 Thera.
895 1671 950 1714 ad
982 1672 1254 1726 Charmanson
1291 1675 1398 1727 Mai.
1420 1679 1536 1720 Cart.
1567 1695 1619 1720 au
1638 1678 1743 1718 Bec-

761 1750 944 1794 de-Lans
964 1786 976 1806 ,
1020 1767 1103 1793 aux
1133 1751 1287 1808 For-ges
1311 1759 1356 1795 de
1379 1752 1518 1809 Seiffin
1540 1787 1552 1807 ,
1585 1756 1663 1796 διε.

702 1831 947 1877 'Sceleratum
977 1834 1024 1873 in
1051 1833 1258 1875 omnibus
1288 1831 1402 1874 fossis
1424 1832 1610 1887 putridis
1630 1835 1744 1876 circa

764 1907 1140 1961 Gratianopolim.

702 1981 1021 2034 Aconitisolius.
1067 1982 1115 2021 in
1163 1982 1297 2034 pratis
1341 1980 1530 2022 humidis
1579 1980 1743 2035 alpium

755 2057 819 2099 M.
843 2052 1076 2099 Carthufiae
1091 2088 1102 2109 ‚
1124 2053 1253 2096 Revel
1268 2088 1279 2107 ,
1312 2055 1390 2097 διε.
1415 2056 1491 2095 vix
1512 2055 1691 2108 pedalis.

702 2132 1048 2184 Plantanisolius.
1072 2134 1120 2173 in
1149 2131 1266 2174 sllvis
1295 2135 1334 2173 δε
1363 2135 1612 2176 nemoribus
1632 2137 1742 2190 alpi-

758 2214 826 2253 nis
844 2213 906 2254 M.
929 2209 1162 2254 Carthufiae
1181 2212 1219 2251 &
1238 2210 1344 2253 alibi
1365 2227 1374 2251 :
1398 2227 1420 2268 3
1440 2231 1477 2245 -·
1494 2230 1516 2263 4
1550 2212 1710 2266 pedalis
1726 2243 1742 2265 ,

756 2286 916 2328 foliola
939 2286 1091 2329 incisa.

704 2361 965 2415 Rutaefolius.
1021 2368 1068 2406 in
1107 2363 1285 2407 summis
1327 2366 1525 2420 planitiei
1575 2366 1739 2420 alpium

759 2445 922 2484 montis
958 2447 1003 2484 de
1026 2441 1137 2485 Lans
1161 2457 1218 2485 ex
1251 2444 1441 2485 Berardo
1487 2445 1599 2497 (qui
1630 2444 1739 2483 dici,

756 2529 831 2560 tur
870 2519 925 2560 R.
963 2518 1083 2561 foliis
1119 2519 1313 2560 fumaria:
1344 2520 1563 2568 Berardi)
1615 2519 1740 2571 supra

764 2594 973 2648 Vallouifi’
1010 2627 1026 2647 ,
1077 2594 1364 2648 Dlontaurousc
1421 2598 1468 2637 in
1508 2598 1702 2637 Devolus
1720 2625 1736 2648 ,

756 2679 910 2722 rarior.

704 2752 919 2796 Glacialis.
955 2755 1001 2794 in
1034 2754 1241 2796 omnibus
1266 2751 1442 2808 pultosis
1478 2753 1736 2807 glaci.1libus

750 2830 910 2883 alpinis
936 2862 949 2884 ‚
1022 2828 1211 2881 l'Oifims
1250 2861 1264 2880 ,
1329 2829 1486 2870 Orcum·
1519 2860 1533 2878 ,
1590 2829 1732 2879 Bure,

758 2905 1027 2960 Champfizur,
1054 2905 1153 2948 satis
1181 2907 1402 2959 frequens,

701 2979 883 3029 Nireus.
899 2983 948 3027 in
965 2983 1098 3040 pratis
1114 2983 1273 3040 alpinis
1286 2979 1465 3024 summis
1485 2978 1726 3033 Cessas-‚823
