2007 3593
190 231 269 280 1v
629 186 1357 292 ¹PRAEFATIO

192 330 345 376 DEM
390 316 529 375 hanc
578 317 902 374 extraxerim
945 337 1010 374 ex
1054 316 1287 375 FLORA
1313 361 1330 388 ‚
1376 314 1435 372 in
1475 314 1639 374 horto
1688 308 1830 372 sscco

191 399 368 457 etiam
415 419 556 456 nunc
608 395 873 474 deposita.

276 481 571 557 Utcunque
600 481 778 538 tenuis
821 476 890 535 fit
935 479 1021 537 hic
1072 478 1265 551 labor,
1327 481 1469 536 hunc
1513 480 1667 556 spero
1718 497 1834 535 non

191 561 401 640 prorsus
432 583 657 620 vacuum
696 566 753 619 &
788 562 1009 619 inanem
1046 560 1182 620 fore.
1229 561 1431 620 Circuli
1456 565 1640 634 enim,
1667 581 1835 639 quem

191 660 425 720 occupat
493 646 726 704 FLORA
769 644 990 717 nostra,
1018 647 1073 701 δε
1127 645 1184 700 in
1228 645 1374 720 cujus
1427 646 1594 703 veluti
1639 659 1835 701 centro

191 730 615 787 LUGDUNUM
661 727 738 784 est
764 768 789 800 9
838 726 1106 784 diameter
1143 727 1485 802 protenditur
1529 728 1596 785 ad
1639 749 1713 805 30
1749 723 1836 781 vel

193 832 272 887 40
317 808 535 869 circiter
560 809 776 868 leucas:
819 805 991 867 solum
1032 806 1152 867 satis
1188 808 1386 886 ubique
1413 809 1561 867 ferax
1606 813 1663 870 ὅτ,
1706 807 1838 883 Γεερέ

191 889 546 970 generosum.
596 891 994 969 Complestitur
1044 891 1278 949 ambitus
1314 891 1446 966 ille,
1500 891 1839 969 provinciam

188 971 597 1051 Lugdunensem
669 974 883 1052 proprie
951 980 1006 1033 δε
1073 973 1246 1031 stricke
1317 973 1511 1033 di&am
1545 1020 1563 1047 ,
1639 974 1835 1031 Bello-

184 1053 489 1135 jocenfi’m,
529 1054 809 1129 Forefium
838 1101 853 1130 ‚
906 1055 1210 1130 Breffiam,
1259 1058 1618 1134 principatum
1662 1061 1845 1113 Dom-

191 1141 384 1196 barum
410 1185 425 1211 ‚
473 1138 799 1219 Beugefiam
840 1143 897 1197 &
935 1156 1147 1218 partem
1193 1140 1564 1219 Delphinatzls
1588 1134 1844 1221 Lugduni

192 1241 538 1281 viciniorem.

278 1303 423 1363 Cum
487 1321 674 1364 autem
726 1308 835 1364 haec
895 1307 1084 1365 civitas
1129 1303 1338 1382 (Cujus
1395 1303 1686 1388 longitudo
1759 1322 1848 1361 22·

193 1386 345 1467 grad.
408 1390 480 1446 16
541 1391 672 1446 min.
722 1410 794 1467 30
854 1387 956 1448 sec.
1016 1386 1276 1444 Latitudo
1337 1407 1407 1465 45
1460 1389 1608 1468 grad.
1652 1390 1706 1444 &
1749 1403 1843 1442 '20

192 1470 327 1528 min.
357 1471 378 1547 )
430 1470 635 1530 dividat
671 1471 905 1530 Galliam
946 1468 1219 1529 borealem
1267 1468 1333 1526 ab
1369 1471 1624 1542 australi,
1672 1468 1842 1526 habet

192 1551 251 1608 in
302 1551 396 1609 suo
447 1553 693 1612 orbiculo
741 1554 860 1612 fere
921 1554 1106 1612 omnia
1168 1551 1385 1610 climata
1412 1552 1691 1622 Franciae;
1735 1572 1844 1608 nec

192 1633 395 1692 mirum
424 1681 438 1708 ‚
479 1633 520 1692 fi
580 1638 735 1716 regio
788 1654 903 1695 tarn
958 1635 1105 1694 varie
1149 1649 1453 1712 temperata
1480 1682 1496 1709 ,
1541 1654 1653 1695 tam
1696 1634 1844 1693 varia

192 1719 369 1794 pariat
423 1714 699 1797 simplicia.
766 1720 858 1778 Ibi
922 1720 1071 1778 enim
1133 1718 1301 1775 vitam
1353 1735 1563 1800 agunt,
1609 1739 1721 1796 quae
1785 1717 1844 1774 in
1905 1730 1911 1737 '

192 1798 363 1877 planis
413 1805 468 1860 &
500 1803 700 1880 apertis
741 1801 871 1862 locis
894 1845 919 1877 ,
972 1806 1028 1860 &
1078 1822 1189 1878 quae
1229 1801 1287 1856 in
1331 1801 1552 1860 collibus
1593 1805 1650 1860 &
1694 1820 1848 1858 mon-

194 1883 339 1942 tibus
382 1885 553 1943 etiam
597 1885 849 1946 abietinis
876 1932 891 1960 ,
930 1884 1071 1944 nasci
1098 1882 1312 1954 solent3
1353 1907 1463 1963 quae
1513 1885 1569 1941 in
1607 1883 1765 1942 aridis
1788 1884 1846 1940 δί

191 1964 403 2043 aquofis
431 1988 447 2043 3
470 1990 580 2046 quae
607 1972 662 2025 in
688 1965 1020 2041 fluminibus,
1052 1964 1326 2048 paludibus
1356 1972 1412 2025 δε
1436 1968 1653 2046 stagnis,
1677 1961 1851 2024 Defi-

191 2048 451 2108 derantur
502 2049 715 2109 tantum
767 2053 1079 2129 maritima,
1112 2054 1167 2108 &
1205 2071 1315 2127 quae
1347 2067 1593 2109 extrema
1632 2050 1854 2130 frigoris

192 2149 286 2189 aut
314 2133 503 2192 caloris
528 2152 809 2211 appetunt.

281 2215 410 2274 Haee
459 2216 538 2281 est
579 2217 751 2275 veluti
788 2218 924 2276 ditio
974 2218 1164 2276 nostrae
1208 2215 1632 2290 CHLOR1D18‚
1686 2235 1849 2293 quam

193 2296 355 2373 paulo
402 2301 747 2380 grandiorem
778 2346 794 2373 ,
853 2318 915 2360 ut
957 2300 1031 2358 ita
1080 2302 1256 2360 dicam
1284 2346 1300 2373 ,
1373 2303 1430 2358 &
1475 2300 1849 2378 loquaciorem

194 2379 385 2451 solito,
427 2383 687 2441 exhibere
728 2384 1084 2457 conabimur,
1126 2402 1189 2442 ut
1229 2381 1420 2441 melius
1463 2404 1597 2459 opes
1640 2381 1848 2438 nostras

195 2464 418 2538 aperiat.
469 2467 803 2525 Nominibus
861 2467 1010 2524 enim
1069 2466 1412 2544 plantarum,
1460 2486 1572 2522 non
1642 2462 1848 2538 precise

195 2545 379 2603 locum
429 2551 484 2605 &
553 2550 841 2606 stationem
902 2551 1155 2627 cujusque
1200 2550 1431 2619 addam,
1496 2562 1556 2604 ut
1603 2547 1881 2605 FLORAE-

198 2649 332 2704 opus
397 2631 518 2702 est,
563 2631 654 2689 sed
698 2654 861 2712 pagos
901 2631 1088 2690 saltem
1132 2630 1222 2690 seu
1274 2630 1570 2706 provincias
1614 2629 1671 2686 in
1719 2628 1844 2706 qui-

199 2710 295 2767 bus
350 2715 694 2788 reperiuntur
738 2738 750 2771 z
814 2730 914 2788 ut,
961 2714 1176 2771 illorum
1233 2712 1520 2770 altitudine
1567 2711 1789 2792 cognita
1821 2752 1844 2781 ,

198 2809 395 2849 notum
435 2792 534 2851 fiat
578 2797 738 2853 clima
789 2818 897 2874 quo
954 2796 1185 2854 fruimur
1228 2797 1286 2853 in
1346 2796 1504 2855 rebus
1565 2793 1845 2852 botanicis.

202 2876 554 2950 Adjicientur
598 2879 834 2956 denique
872 2877 1145 2960 Catalogo
1169 2925 1185 2952 ‚
1240 2878 1431 2956 plantae
1475 2878 1666 2935 natura
1705 2896 1849 2933 exo-

207 2959 355 3030 ticae,
388 2981 500 3036 quae
537 2960 727 3036 sponte
756 2961 838 3019 vel
891 2961 1150 3020 industria
1209 2958 1356 3039 quafi
1395 2961 1664 3040 indigenae
1703 2958 1848 3016 fa&ae

207 3039 369 3120 sunt3
417 3046 472 3099 δί
517 3064 589 3100 ne
638 3043 948 3121 opusculum
990 3046 1255 3120 majorem
1295 3046 1354 3102 in
1396 3041 1601 3100 molem
1641 3039 1854 3099 excres-

212 3139 300 3214 cat
330 3169 345 3193 ‚
417 3122 577 3203 {ignis
615 3131 752 3198 ‚utar
808 3124 1203 3207 compendiosis
1234 3172 1256 3210 ,
1327 3147 1562 3209 quorum
1612 3122 1849 3206 sequitur

212 3222 612 3284 interpretati&
